2150 3410
380 251 600 310 cAPumrvm
617 250 651 307 V.
669 252 695 306 2
902 257 937 312 47

126 393 188 447 Vos
200 392 290 448 levate
302 394 418 449 interibi.

163 462 273 534 Philop.
327 465 448 534 Sequere
460 464 520 531 hec,
531 463 710 534 Philocrates,
721 479 765 520 me
776 464 856 521 intro.

164 533 269 590 Philoc.
820 538 933 609 Sequor.

276 744 435 800 Acuus
462 746 503 800 V.
548 745 708 806 SCENA
735 745 785 802 11.

363 885 469 941 Hruro.
506 886 692 942 Suuuuurrue.

107 1055 114 1070 ·
164 1026 234 1097 Ηυξ.
253 1027 326 1097 Age,
337 1032 375 1093 tu,
382 1027 446 1082 illuc
458 1026 582 1097 procede,
590 1027 661 1082 bone
670 1026 718 1096 vir,
727 1027 847 1099 lepidum
855 1047 929 1086 mun·

233 1098 332 1167 cipium
345 1099 449 1152 meum!

162 1167 228 1221 stol,
242 1169 319 1230 Quid
330 1185 373 1221 me
386 1175 492 1239 oportet
500 1167 602 1236 fouere,
610 1167 653 1223 ubi
663 1175 693 1223 tu
705 1169 766 1224 telis
779 1171 820 1226 vir
831 1171 929 1228 fulsum

126 1309 180 1364 Fui
198 1240 496 1380 egguilefffflepidue,
514 1309 601 1366 bonue
622 1311 663 1366 vir
684 1327 827 1381 nunquam,
839 1329 928 1383 neque

232 1377 305 1450 frugi
317 1381 403 1445 hone,

127 1449 225 1520 Neque
244 1467 302 1532 ero·
314 1467 446 1520 uuquom:
471 1467 506 1506 no
524 1456 555 1505 tu
573 1467 649 1522 spem
668 1468 754 1521 ponae
779 1469 824 1508 me
849 1453 928 1508 bonu

161 1519 445 1674 Heg3stll’lrgolpieorireodum
457 1591 503 1646 ubi
515 1589 569 1646 loei
580 1589 692 1646 fortune
705 1599 758 1647 tum
771 1591 834 1660 sint,
845 1591 927 1649 focile

125 1731 157 1786 si
168 1731 222 1786 erie
229 1661 385 1800 ffifflrie
396 1749 432 1786 ex
444 1749 474 1786 re
487 1731 581 1800 facies,
594 1749 628 1786 ex
640 1732 713 1788 melu
732 1667 929 1791 meliusculum?

123 1803 215 1858 Recto
232 1809 262 1857 et
278 1819 344 1858 vero
360 1803 471 1874 loquere
484 1820 491 1857 z
510 1802 560 1858 sed
571 1819 660 1874 neque
673 1821 737 1860 vere
750 1821 839 1875 neque
850 1813 926 1862 recte

124 1872 365 2013 Fecistiauirlulggom.

159 2013 226 2068 sul.
418 2014 502 2077 Quod
514 2031 569 2088 ego
584 2013 680 2081 fateor,
692 2014 804 2070 eredi’n’
816 2013 926 2086 pudeat,

453 2103 532 2156 quom
544 2085 689 2141 autumes?

159 2153 229 2226 Heg.
248 2156 286 2210 At
298 2173 351 2227 ego
363 2155 464 2211 fecium
475 2164 505 2212 ut
515 2156 631 2228 pudeat:
649 2173 712 2211 nem
724 2156 752 2210 in
763 2153 925 2212 ruboremte

159 2227 430 2380 δὶαιωὲὶᾚέὰὲξὲᾱο
448 2313 511 2368 ego,
531 2298 656 2368 imperito
674 2295 769 2368 plegae
792 2295 926 2353 minitoris

121 2368 311 2492 Tendemnilsliu
332 2438 424 2506 oufer;
442 2437 538 2508 dieque
558 2437 622 2506 quid
642 2437 708 2504 sere,
721 2443 751 2491 ut
771 2435 844 2490 ferae
861 2437 926 2492 hine

228 2508 298 2577 quod
311 2509 389 2578 petie.
894 2509 926 2563 11

158 2575 228 2650 fleg.
247 2579 320 2635 Satis
338 2578 496 2635 fecundu'e:
523 2576 572 2634 sed
594 2577 653 2649 jum
673 2576 733 2632 fieri
753 2577 832 2634 dietis
850 2596 926 2638 com-

228 2650 355 2720 pendium
366 2651 435 2705 volo.

158 2721 225 2776 Stel.
243 2721 283 2777 Ut
293 2721 343 2789 vie,
354 2721 410 2776 fiet.

158 2791 228 2864 Heg-
438 2790 516 2846 Bene
528 2789 679 2861 morigerus
691 2781 743 2844 suit
752 2807 836 2861 puer:
853 2809 926 2848 nune

479 2879 533 2915 non
545 2861 634 2915 decet

121 2930 183 2985 Hoc
202 2949 325 3004 egemus.
367 2932 428 2986 Jom
444 2933 561 2987 animum
580 2931 697 3000 advorte,
720 2948 752 2985 oo
774 2929 849 2997 mihi,
866 2947 925 3000 quae

227 3003 324 3071 dicam,
339 3003 469 3058 edissere.

123 3071 154 3126 Si
166 3073 221 3126 erio
232 3090 326 3140 verax,
340 3075 414 3156 [tuae
426 3088 472 3126 ree
484 3070 584 3125 feceris
596 3067 789 3136 meliusculae]
812 3136 819 3149 .
893 3071 927 3152 {5

158 3142 224 3198 Stel.
242 3142 333 3214 Nuge
346 3151 421 3198 rsteo
433 3147 504 3196 eunt
539 3138 604 3194 Nou
617 3153 660 3193 me
670 3151 768 3192 censes
780 3151 850 3190 eorre
863 3139 927 3205 quid

229 3212 329 3285 dignus
341 3212 432 3270 siem?
