2150 3410
396 425 716 492 PROLOGUS.

149 601 216 657 Hos
229 618 297 670 quos
309 601 406 656 videtis
418 609 492 658 stare
503 602 547 658 hic
560 603 699 672 capteivos
711 601 787 670 duos,

149 671 195 727 Illi
207 673 253 742 qui
266 675 380 740 adstant,
392 675 506 729 histem
518 675 604 742 ambo,
617 691 672 728 non
684 673 790 728 sedent.

150 743 211 797 Vos
223 762 271 798 vos
283 745 346 798 mihi
358 753 444 812 testes
457 748 533 810 estis,
545 763 589 800 me
601 763 695 798 verum
707 743 786 811 loqui.

151 816 255 881 Senex,
267 817 312 886 qui
323 815 367 870 hic
380 817 492 884 habitat,
504 816 605 887 Hegio,
618 822 661 869 est
672 816 751 886 hujus
764 823 850 884 pater.

151 886 218 952 Sed,
227 886 250 940 is
262 904 314 956 quo
326 896 405 955 pacto
419 887 519 942 serviat
530 904 580 940 suo
589 885 640 940 sibi
652 885 730 956 patri,
939 889 957 944 5

150 953 183 1010 Id
196 973 249 1028 ego
262 957 305 1010 hic
319 956 389 1026 apud
401 975 449 1012 vos
462 957 611 1026 proloquar,
623 957 646 1011 si
658 973 769 1026 operam
781 955 859 1014 datis.

151 1025 218 1081 Seni
230 1026 292 1081 huic
304 1027 415 1082 fuerunt
426 1027 474 1082 filii
487 1027 544 1082 nati
556 1027 625 1081 duo:

150 1097 276 1152 Alterum
289 1099 457 1168 quadrimum
476 1115 587 1167 puerum
600 1115 692 1154 servos
703 1115 750 1152 sur
770 1100 816 1167 uit,

149 1167 282 1237 Eumque,
294 1169 357 1223 hinc
370 1169 448 1238 prosu
469 1169 538 1235 iens,
549 1169 672 1224 vendidit
684 1168 712 1224 in
725 1117 806 1224 allae

148 1239 273 1310 Hujusce
286 1239 371 1309 patri:
385 1242 443 1321 jam
450 1187 506 1294 loc
518 1239 640 1294 tenetis?
676 1240 822 1310 Optumum
834 1247 884 1294 est.
922 1239 956 1294 10

149 1309 255 1380 Negat,
266 1311 370 1376 hercle,
383 1311 429 1364 rlle
441 1310 556 1364 ultimus.
593 1311 743 1364 Accedim!

149 1380 521 1447 Sinon,ubisedeas,10cus
534 1388 584 1448 est,
597 1391 648 1447 est,
661 1381 706 1434 ubi
719 1381 848 1448 ambules,

149 1451 269 1514 Quando
281 1451 438 1506 histrionem
449 1453 527 1522 cogis
538 1451 727 1506 mendicarier.

151 1519 213 1592 Ego
225 1538 277 1588 me,
288 1529 335 1576 tua
346 1539 436 1589 causa,
449 1539 483 1576 ne
497 1539 581 1590 erres,
593 1539 647 1576 non
659 1530 785 1591 rupturus
797 1539 867 1576 sum.

150 1589 217 1659 Vos,
229 1593 274 1660 qui
286 1593 398 1664 potestis
410 1611 461 1663 ope
473 1600 564 1648 vostra
575 1593 721 1661 censerier,
922 1591 956 1646 15

151 1663 277 1732 Accipite
290 1663 436 1732 reliquom:
455 1665 545 1719 alieno
557 1664 597 1718 uti
610 1664 676 1718 nihil
689 1681 785 1718 moror.

150 1731 292 1805 Fugitivos
304 1734 360 1801 ille,
372 1743 402 1790 ut
414 1734 535 1790 dixeram
548 1742 620 1802 ante,
633 1735 712 1804 hujus
724 1735 801 1805 patri,

148 1804 238 1859 Domo
249 1823 329 1874 quem
341 1807 501 1878 profugiens
514 1805 650 1860 dominum
660 1807 816 1872 abstulerat,
825 1803 955 1860 vendidit.

147 1875 211 1942 Hic,
242 1884 364 1945 ostquam
376 1878 448 1932 hunc
461 1877 534 1943 emit,
547 1875 621 1930 dedit
634 1894 696 1931 eum
708 1879 771 1932 huic
784 1885 867 1948 gnato
879 1893 929 1930 suo

147 1945 203 2000 Pec
236 1947 489 2016 'aremquiaquasi
502 1955 708 2001 unaaetaserat.
918 1946 955 2001 2⁰

148 2016 202 2072 Hic
215 2035 287 2072 nunc
302 2017 372 2071 domi
384 2019 467 2072 servit
479 2035 528 2072 suo
541 2019 627 2086 patri3
645 2035 697 2072 nec
710 2019 762 2072 scit
773 2023 859 2087 pater.

37 2097 43 2105 “
147 2087 292 2142 Enimvero
305 2087 351 2142 Dii
363 2106 420 2157 nos,
432 2090 508 2157 quasi
522 2087 599 2158 pilus,
610 2089 734 2143 homines
747 2089 857 2142 habent.

147 2157 294 2213 Rationem
305 2159 420 2226 habetis,
432 2159 564 2228 quomodo
577 2175 659 2214 uuum
672 2159 799 2214 amiserit

146 2229 294 2298 Postquam
305 2230 469 2302 belligerant
482 2230 567 2284 AEtoli
578 2247 640 2285 cum
653 2230 732 2297 Aliis,

148 2298 188 2353 Ut
198 2301 229 2354 fit
241 2301 269 2355 in
281 2300 361 2368 bello,
373 2303 478 2370 capitur
489 2302 559 2357 alter
570 2302 641 2356 filius
653 2321 659 2354 :
917 2299 953 2353 25

148 2370 274 2425 Medicus
286 2371 453 2428 Menarchus
465 2371 530 2426 emit
541 2372 642 2426 ibidem
653 2372 680 2426 in
693 2371 784 2426 Alide.

148 2439 237 2510 Coepit
249 2443 385 2511 capteivos
398 2441 574 2498 commercari
587 2443 630 2496 hic
645 2442 729 2510 Alios,

148 2511 179 2564 Si
191 2529 270 2580 quem
282 2513 402 2582 reperire
414 2520 514 2584 posset,
527 2530 579 2582 quo
592 2519 678 2565 mutet
690 2530 768 2566 suum

147 2581 226 2636 Illum
247 2585 406 2652 capteivom.
450 2585 532 2638 Hunc
546 2600 624 2638 suum
637 2599 699 2637 esse
719 2583 817 2651 nescit,
838 2583 884 2653 qui
905 2581 952 2637 do-

251 2655 287 2708 mi
300 2662 350 2708 est.

146 2723 190 2790 Et,
202 2725 328 2791 quoniam
339 2725 398 2778 heri
411 2724 474 2778 inde
487 2723 597 2791 audivit,
609 2723 643 2778 de
655 2741 761 2778 summo
773 2725 835 2779 loco
916 2723 953 2778 30

145 2794 310 2862 lummoque
323 2811 426 2865 genere
439 2802 548 2864 captum
560 2811 622 2850 esse
635 2795 754 2864 equitem
765 2795 866 2864 Alium,

146 2863 194 2918 Nil
207 2867 293 2934 pretio
305 2866 396 2935 parsit,
408 2866 464 2919 filio
477 2865 540 2920 dum
552 2873 694 2934 parceret:

145 2934 337 2990 Reconciliare
351 2944 381 2990 ut
392 2935 499 2990 facilius
510 2945 604 3005 posset
617 2937 732 3001 domurn,

145 3003 224 3059 Emit
236 3005 318 3060 hosce
333 3005 366 3060 de
379 3006 470 3076 prada
483 3006 576 3059 ambos
589 3006 622 3058 de
635 3002 821 3073 quaestoribus.
