2150 3410
391 171 606 230 carattvat
624 173 646 230 Ι.
666 175 690 230 1.

296 381 458 440 ACTUS
484 385 514 442 1.
559 385 720 442 scaNn
748 387 777 443 Ι.

452 523 630 582 Eauasrtus.

131 667 269 721 Iuventus
281 683 379 720 nomen
391 665 487 722 indidit
499 669 597 723 Scorto
610 668 683 736 mihi,

133 738 177 792 Eo
190 737 253 805 quia
264 738 402 791 invocatus
415 739 491 792 soleo
506 755 568 794 esse
582 739 609 792 in
623 740 752 794 convivio.

133 810 200 863 Scio
213 807 327 862 absurde
340 806 441 862 dictum
452 811 505 863 hoc
518 808 651 864 derisores
665 811 765 877 dicero,

133 881 175 933 At
186 894 240 948 ego
251 879 294 932 aio
306 885 398 932 recte:
417 896 488 946 nam,
500 880 528 934 in
540 881 670 946 convivio,
683 881 733 936 sibi

133 951 255 1016 Amator,
267 949 335 1003 talos
348 966 428 1018 quom
443 951 518 1020 jacit,
531 957 648 1005 scortum
660 951 776 1005 invocat.
923 953 940 1008 5

133 1019 221 1073 Estne
233 1021 392 1086 invocatum,
405 1037 440 1074 an
452 1021 527 1075 non?
546 1027 590 1074 est
600 1021 773 1092 planissume.

132 1090 246 1158 Verum,
258 1089 361 1157 hercle,
374 1106 467 1144 verurn
480 1108 528 1145 nos
542 1092 650 1161 parasiti
662 1091 775 1162 planius,

132 1160 212 1223 Quos
224 1178 361 1230 nunquam
373 1160 512 1229 quisquam
524 1179 613 1231 neque
626 1170 705 1218 vocat
715 1180 804 1234 neque
817 1162 939 1219 invocat:

132 1232 223 1294 Quasi
234 1248 334 1298 mures,
347 1247 456 1300 semper
467 1232 571 1287 edimus
584 1233 701 1288 alienum
713 1235 811 1290 cibum.

131 1301 187 1356 Ubi
199 1319 244 1356 res
256 1301 365 1372 prolatae
379 1309 450 1368 sunt,
462 1320 541 1371 quom
553 1321 599 1359 ras
611 1304 733 1359 homines
746 1311 820 1372 eunt,
905 1305 940 1360 to

131 1373 220 1428 Simul
232 1372 341 1443 prolate
353 1389 398 1426 res
410 1381 474 1428 sunt
485 1376 582 1430 nostris
596 1375 730 1430 dentibus.

131 1443 231 1510 Quasi,
243 1460 322 1511 quom
339 1443 452 1511 caletur,
464 1445 583 1499 cochlea
596 1445 625 1500 in
637 1447 744 1500 occulto
755 1445 851 1514 latent,

132 1515 191 1568 Suo
202 1513 254 1567 sibi
265 1531 348 1568 succo
360 1515 461 1581 vivunt,
473 1533 517 1570 ros
529 1517 553 1570 si
565 1533 620 1570 non
631 1515 720 1583 cadit3

130 1585 203 1639 Item
216 1585 333 1653 parasiti,
345 1584 427 1640 rebus
440 1586 557 1666 prolatis,
568 1587 656 1641 latent

129 1654 165 1709 In
177 1655 301 1722 occulto;
318 1655 410 1710 miseri
422 1657 545 1712 natitant
557 1673 640 1710 succo
652 1673 710 1723 suo,
906 1655 939 1712 15

129 1725 204 1780 Dum
215 1725 271 1781 ruri
281 1734 375 1781 rurant
390 1727 521 1795 homines,
533 1745 600 1796 quos
611 1728 750 1798 liguriant

128 1797 246 1852 Prolatis
257 1798 347 1865 rebus,
360 1798 471 1868 parasiti
482 1799 600 1853 venatici

130 1869 248 1923 Sumus:
268 1869 376 1937 quando
388 1886 433 1922 res
445 1869 593 1936 redierunt,
605 1868 750 1937 molossici,

130 1939 305 2007 Odiosicique
318 1947 346 1994 et
357 1939 470 1994 multum
482 1939 714 1994 incommodistici.

129 2009 166 2064 Et
177 2009 221 2062 hic
233 2009 349 2078 quidem,
363 2009 466 2076 hercle,
479 2011 531 2064 nisi
542 2012 587 2080 qui
600 2011 727 2080 colaphos
739 2008 845 2079 perpeti
902 2007 939 2064 20

129 2079 206 2135 Potis
218 2081 361 2150 parasitus,
373 2080 515 2150 frangique
529 2080 605 2134 aulas
617 2080 645 2134 in
657 2089 746 2150 caput,

128 2151 183 2206 Vel
196 2152 236 2206 ire
249 2159 328 2206 extra
339 2158 442 2220 portam
455 2151 641 2222 Trigeminam
653 2153 687 2206 ad
699 2168 810 2204 saccum
828 2149 902 2204 licet.

129 2221 213 2284 Quod
227 2221 338 2276 mihine
352 2222 470 2288 eveniat,
482 2221 639 2276 nonnullum
652 2221 803 2291 periculum
816 2227 867 2276 est

130 2291 211 2358 Nam,
223 2300 362 2362 postquam
374 2309 451 2346 meus
464 2311 512 2346 rex
525 2300 568 2346 est
579 2293 678 2362 potitus
690 2291 817 2360 hostium,

128 2363 173 2416 Ita
186 2381 256 2418 nunc
270 2363 435 2434 belligerant
445 2363 531 2417 AEtoli
542 2381 604 2417 curn
617 2361 695 2415 Aliis.
903 2361 939 2415 25

129 2433 158 2487 N
161 2451 204 2486 am
216 2433 318 2488 AEtolia
329 2434 388 2487 hac
401 2439 461 2488 est:
480 2435 534 2488 illic
548 2433 664 2502 captu’st
674 2433 702 2486 in
715 2431 796 2485 Alide

130 2503 338 2573 Philopolemus,
350 2505 430 2576 hujus
443 2503 578 2575 Hegionis
591 2503 662 2556 filius

129 2574 219 2641 Senis,
232 2575 277 2642 qui
289 2573 332 2628 hic
346 2573 465 2641 habitat3
483 2592 540 2644 quae
554 2572 627 2626 ades
639 2572 804 2628 lamentarier

129 2645 200 2700 Mihi
211 2652 291 2711 sunt;
308 2662 374 2713 quas
386 2647 607 2714 quotiescumque
621 2643 767 2712 conspicio,
780 2643 843 2698 ileo.

129 2715 212 2770 Nunc
225 2715 268 2768 hic
282 2716 389 2785 occepit
399 2725 532 2783 quaestum
544 2717 616 2768 hunc
628 2714 677 2768 filii
690 2715 779 2784 gratia
902 2713 938 2768 30

129 2786 314 2852 Inhonestum,
326 2803 452 2840 maxume
465 2787 582 2840 alienum
595 2785 707 2857 ingenio
719 2803 785 2838 suo:

129 2855 263 2911 Homines
275 2856 412 2926 capteivos
422 2864 626 2923 commereatur,
638 2856 661 2910 si
675 2863 757 2924 queat

129 2928 258 2996 Aliquem
269 2927 401 2994 invenire,
413 2945 490 2982 suum
503 2945 555 2995 quo
568 2934 653 2982 mutet
669 2927 762 2980 tilium.

129 2998 214 3060 Quod
226 3014 281 3068 ego
292 2997 402 3065 quidem
414 2998 494 3050 nimis
507 3015 586 3064 quam
598 2998 678 3066 cupio
690 3003 721 3048 ut
732 2995 860 3060 impetret
870 3011 877 3044 τ

129 3069 211 3135 Nam,
222 3067 251 3125 ni
262 3066 338 3121 illum
349 3066 455 3136 recipit,
466 3065 532 3120 nihil
544 3072 588 3120 est
599 3083 651 3134 quo
662 3081 706 3117 me
719 3063 858 3128 recipiam.
901 3061 937 3114 35
