2150 3410
387 187 601 245 onerantur.
617 187 654 244 11.
671 189 697 244 3.
908 187 943 244 21

135 331 218 386 Inter
229 346 273 383 me
285 335 366 397 atque
378 328 453 384 illum
466 336 496 384 ut
507 329 605 383 nostris
618 327 668 383 fiat
679 327 750 384 filiis.

176 400 281 455 Philoc.
291 399 412 469 Utroque
421 418 526 454 vorsum
533 407 637 456 rectum
646 407 689 454 est
698 399 838 470 ingenium
847 395 948 470 meum:

140 473 185 525 Ad
200 478 236 536 te,
249 470 336 539 adque
350 471 432 524 illum.
467 470 521 524 Pro
532 479 591 525 rota
604 489 646 526 me
659 472 697 524 uti
709 471 783 525 licet

137 542 196 596 Vel
209 559 263 611 ego
276 543 329 594 huo
342 542 385 595 vel
398 541 460 595 illue
474 548 569 602 vortar,
583 559 634 610 quo
647 543 821 610 imperabitis.
912 543 946 598 10

177 613 248 684 Heg.
267 612 340 666 Tute
353 612 400 665 tibi
413 629 429 664 a
442 621 533 681 tuopte
555 614 667 682 ingenio
686 614 783 680 prodes
795 610 946 682 plurimum,

141 685 234 746 Quom
247 685 403 737 servitutem
416 684 454 737 ita
465 682 529 746 fers,
543 683 581 736 uti
594 682 658 738 serri
671 683 758 738 decet

139 755 275 821 Sequere.
311 755 383 808 Hem
396 755 444 808 tibi
456 755 600 808 hominem.

181 823 269 895 Tynd.
625 869 629 876 .
657 823 777 878 Gratiam
790 825 946 896 habeotibi,

126 889 236 956 'Quord
248 893 350 964 copiam
363 894 440 947 istam
454 893 490 948 mi
503 901 532 948 et
542 901 705 963 potestatem
719 893 794 960 sacis,

140 965 182 1019 Ut
195 983 249 1035 ego
261 965 293 1018 ud
308 966 444 1032 potenteis
457 964 528 1018 huno
542 964 676 1018 remittam
689 967 822 1031 nuntium,
913 967 947 1022 15

138 1037 201 1098 Qui
214 1053 264 1100 me,
277 1036 340 1106 quid
351 1052 444 1089 rerum
457 1034 500 1088 hio
514 1036 625 1104 agitem,
639 1044 668 1089 et
679 1037 742 1104 quid
756 1037 816 1090 fieri
827 1036 916 1104 velim,

142 1107 217 1160 Patri
230 1124 290 1162 meo
302 1107 397 1159 ordine
410 1123 517 1160 omnem
530 1122 586 1158 rem
601 1107 663 1160 illuc
681 1106 806 1175 perferat

141 1176 224 1231 Nunc
238 1179 276 1231 ita
287 1176 415 1230 convenit
426 1175 497 1230 inter
510 1192 552 1229 me
566 1183 644 1244 atque
658 1178 739 1243 hunc,
755 1178 896 1249 Tyndaro,

143 1247 182 1304 Ut
193 1255 220 1301 te
235 1255 405 1301 aesturnatum
418 1248 446 1300 in
460 1246 567 1300 Alidem
581 1250 684 1301 mittam
698 1247 731 1302 ad
745 1257 867 1319 patrem3

142 1320 194 1442 rgo,
207 1318 231 1371 si
244 1335 298 1371 non
310 1317 411 1371 rebitas
424 1317 486 1385 huc,
499 1325 529 1372 ut
543 1318 639 1388 viginti
650 1319 737 1373 minas
912 1317 949 1374 20

171 1405 213 1442 em
247 1395 327 1442 rote.

176 1407 282 1514 Pudor.
370 1491 378 1506 ·
440 1457 529 1513 Reate
542 1460 704 1514 convenisse
718 1460 814 1514 sentio.

140 1531 215 1586 Nam
228 1536 305 1599 pater
317 1536 459 1597 exspectat
471 1537 519 1584 aut
530 1546 583 1598 me,
596 1530 769 1598 autaliquem
782 1529 914 1597 nuntium,

143 1602 201 1664 Qui
214 1602 277 1655 hinc
291 1599 325 1654 ed
337 1618 368 1654 se
381 1601 480 1655 veniat.

180 1672 267 1743 Tynd.
528 1669 603 1740 Ergo
616 1670 732 1726 animum
746 1669 869 1724 advortas
881 1669 949 1740 volo,

140 1744 213 1806 Quae
228 1741 353 1796 nuntiare
365 1741 428 1795 hinc
441 1749 469 1796 te
481 1741 542 1797 volo
555 1743 582 1796 in
595 1741 708 1810 patriam
722 1741 755 1796 ad
769 1750 880 1811 patrem.

177 1811 477 1936 PindondPlhiloerates,
491 1821 521 1868 ut
537 1813 625 1868 adhuc
644 1813 764 1869 locorum
776 1813 838 1881 feci,
851 1813 952 1938 facia&
992 1851 996 1856 ·

250 1900 280 1937 se
302 1900 354 1950 uo,

141 1955 184 2010 Ut
193 1955 379 2025 potissumum,
391 1954 461 2023 quod
474 1955 503 2008 in
514 1972 572 2009 rem
584 1961 661 2008 recte
674 1953 811 2008 conducat
822 1961 905 2018 tuam,

142 2026 175 2081 Id
199 2033 315 2147 petam3b
323 2025 351 2078 id
372 2041 572 2095 persequarque
596 2025 677 2079 eorde
702 2031 732 2080 et
755 2026 844 2080 animo
869 2032 951 2093 atque

250 2113 298 2150 viri
318 2113 358 2149 us.

181 2167 268 2240 Tynd.
287 2166 368 2220 Facis
389 2167 436 2233 ita,
449 2174 480 2221 ut
491 2174 519 2221 te
534 2165 627 2222 faeere
648 2173 762 2237 oportet
798 2165 881 2220 Nune
894 2166 952 2222 ani-

250 2255 323 2292 mum
336 2237 462 2292 advortas
474 2238 543 2292 volo.

142 2309 271 2364 Omnium
285 2309 396 2376 primum
410 2309 524 2363 salutem
538 2310 622 2364 dicito
635 2308 713 2362 matri
727 2314 756 2362 et
770 2306 846 2376 patri,

142 2379 180 2433 Et
192 2379 326 2449 cognatis,
339 2386 368 2432 et
379 2379 403 2432 si
416 2397 495 2448 quem
508 2381 590 2434 alium
610 2379 817 2434 benevolentem
835 2376 953 2431 videris:

143 2450 192 2504 Me
206 2451 249 2504 hie
263 2450 361 2516 valere,
372 2456 400 2504 et
409 2451 567 2504 servitutem
577 2450 680 2504 servire
690 2449 752 2502 huie
762 2447 863 2502 homini
875 2455 952 2572 optgi

251 2537 303 2585 mo,

142 2592 202 2654 Qui
215 2609 257 2645 me
268 2591 368 2644 honore
382 2590 565 2644 honestiorem
578 2607 686 2659 sempor
697 2589 772 2656 fecit,
785 2598 814 2643 et
825 2588 899 2642 facit.

179 2662 283 2718 Phdoc.
303 2663 377 2715 lstuo
390 2679 424 2715 ne
437 2663 592 2732 praecipias:
613 2661 695 2715 suoile
706 2662 835 2715 memoria
843 2659 953 2715 memini

251 2742 351 2786 tamen.

182 2804 271 2876 Tynd.
292 2802 363 2856 Nam
376 2805 492 2871 quidem,
506 2802 557 2856 nisi
570 2801 640 2869 quod
656 2801 798 2856 custodem
810 2801 906 2867 habeo,
920 2801 952 2856 li-

250 2875 344 2928 berum
357 2893 399 2928 me
413 2893 474 2928 esse
488 2875 600 2928 arbitror

147 2939 239 3000 Dicito
248 2944 326 3014 putri,
339 2961 391 3014 quo
403 2952 482 3016 pacto
495 2944 560 3000 mihi
571 2960 633 3000 oum
645 2944 696 2999 hoc
710 2942 869 2998 convenerit
918 2941 954 2998 35

143 3015 189 3070 De
204 3016 284 3084 hujus
297 3015 361 3069 filio.
905 3079 911 3090 ·

181 3085 285 3140 Pauor.
368 3086 438 3147 Quoe
453 3084 571 3150 memini,
584 3099 659 3137 more
669 3085 799 3134 meraest
811 3085 953 3132 monerier.
