2150 3410
374 129 589 187 cherinthi.
608 129 657 190 ΙΙΙ.
675 131 701 186 5.
905 127 941 184 35

170 271 242 344 Hcg.
261 271 337 333 Quia
347 288 391 326 me
403 287 545 340 meamque
557 289 624 339 rem,
637 271 708 340 quod
720 271 748 327 in
760 279 788 326 te
802 288 855 327 uno
867 273 925 344 fnit,

130 342 204 396 Tuis
217 342 344 396 scelestis
357 343 487 396 falsidicis
499 342 614 398 fallaciis

130 413 349 478 Deleceravisti3
367 414 594 480 deartuavistique
607 429 681 480 opes.

130 483 289 539 Confecisti
300 485 404 537 omneis
415 501 460 538 res
472 501 504 538 ac
517 485 635 538 rationes
654 499 747 550 meas3
908 489 943 544 15

128 554 176 608 Ita
188 556 226 610 mi
239 555 363 609 exemisti
375 555 556 608 Philocratem
574 553 696 608 fallaciis.

128 625 215 679 Illum
227 642 289 680 esse
303 642 408 679 servom
420 625 533 691 credidi,
545 632 573 677 te
587 625 711 678 liberum.

128 697 177 751 Ita
188 703 295 750 vosmet
307 695 430 761 aiebatis,
442 697 532 764 itaque
545 696 654 749 nominc

130 767 211 821 Inter
223 784 271 822 vos
283 765 465 836 permutastis.

171 837 262 908 Tynd
525 884 527 888 .
553 835 661 898 Fateor,
676 837 765 891 omnia

130 907 223 962 Facta
234 926 297 963 esse
308 910 355 974 ita,
368 916 399 962 ut
409 915 439 962 tu
452 907 529 968 dicis,
541 915 570 961 et
582 907 696 962 fallaciis
905 912 942 967 20

130 978 230 1034 Abiise
243 996 306 1034 eum
317 979 366 1034 ebs
379 987 415 1044 te,
428 996 491 1032 mea
502 995 583 1048 opere
596 985 677 1046 etque
689 979 805 1044 astutie;

130 1052 187 1113 An,
201 1050 324 1116 obsecro,
336 1049 438 1115 hercle,
449 1057 487 1111 te.
499 1049 527 1102 id
538 1065 609 1102 nunc
622 1065 771 1104 succenses
783 1050 871 1105 mihi?

167 1120 240 1192 Heg.
260 1123 298 1174 At
309 1138 372 1174 cum
384 1120 506 1174 cruciatu
518 1137 642 1172 maxumo
655 1119 681 1172 id
695 1119 797 1174 lectum
810 1129 853 1176 est
865 1131 920 1178 tuc.

169 1191 260 1263 Tyacl.
279 1191 355 1246 Dum
367 1207 402 1244 ne
412 1191 446 1244 ob
455 1189 599 1244 malefacta
607 1207 727 1258 pereum,
735 1191 810 1261 parvi
819 1203 940 1248 aestumo.

130 1261 162 1316 Si
175 1279 230 1332 ego
242 1263 286 1317 hic
300 1262 401 1330 peribo,
415 1268 458 1314 ast
468 1261 523 1327 ille,
535 1268 565 1314 ut
578 1261 653 1327 dixit,
666 1277 719 1314 non
731 1261 817 1325 redit;
903 1266 940 1320 25

131 1335 172 1386 nt
183 1335 237 1388 erit
248 1333 314 1386 mihi
326 1333 378 1386 hoc
392 1331 494 1386 factum
505 1339 611 1386 mortuo
623 1332 799 1388 memorabile
810 1351 817 1399 3

130 1402 227 1458 Meum
239 1403 335 1460 berum
348 1409 464 1471 captum,
478 1419 512 1456 ex
524 1403 655 1456 servitute
671 1409 751 1469 atque
765 1403 893 1460 hostibus

131 1471 275 1530 Reducem
287 1473 387 1528 secisse
398 1472 514 1528 liberum
525 1472 553 1526 iu
566 1474 681 1542 patriam
692 1472 728 1526 ad
740 1481 854 1543 patrem,

131 1543 280 1614 Meumque
293 1544 381 1614 potius
394 1560 438 1598 me
450 1550 531 1614 capnt
542 1542 663 1612 periculo

132 1613 338 1686 Praeoptavissc‚
350 1631 429 1684 quem
440 1615 464 1668 is
476 1615 587 1684 periret,
599 1628 710 1682 ponere.
903 1617 940 1674 30

167 1687 238 1758 Hcg.
257 1686 354 1740 Facito
367 1703 435 1757 ergo
448 1693 477 1739 ut
490 1685 643 1740 Acherunti
655 1683 749 1738 clueas
761 1685 858 1755 glorie.

251 1797 258 1812 .
277 1757 335 1819 Qui
348 1773 396 1826 per
406 1756 533 1812 virtutem
544 1755 669 1826 perbitet,
682 1770 736 1808 non
749 1757 849 1812 interit

197 1846 237 1900 eg.
256 1827 376 1909 Quando
397 1844 450 1897 ego
471 1834 499 1882 te
522 1827 653 1897 exemplis
671 1827 864 1884 excruciavero
876 1849 938 1901 pes-

237 1916 329 1965 sumre,

132 1971 224 2037 Amne
238 1971 271 2023 ob
284 1969 387 2023 sutelae
398 1975 460 2024 tuas
471 1976 500 2021 te
513 1967 592 2022 morti
605 1967 712 2029 misero,

130 2040 186 2094 Vel
198 2047 225 2094 te
238 2039 372 2106 interisse,
383 2039 427 2094 vel
439 2039 552 2108 perisse,
561 2037 725 2106 praediceut3
901 2045 938 2101 35

130 2110 204 2165 Dum
215 2127 322 2181 pereas,
334 2109 400 2164 nihil
412 2108 546 2176 interduo,
558 2107 650 2163 dicent
661 2110 761 2164 vivere.

232 2182 259 2237 d.
276 2180 335 2249 Pol,
347 2182 371 2236 si
383 2181 453 2235 istuc
466 2179 544 2246 fuis,
557 2179 629 2242 haud
641 2179 700 2234 eine
713 2197 793 2250 poene
803 2181 913 2254 feceris,

130 2253 162 2310 Si
174 2253 183 2306 i
204 2253 283 2306 chuc
295 2251 401 2318 redibit,
412 2250 484 2304 sicut
494 2250 602 2304 confido
614 2249 707 2304 affore.

165 2322 248 2378 Arist.
265 2321 320 2406 l’ro
333 2322 379 2378 Dii
398 2320 577 2376 immortales!
596 2337 668 2374 nunc
687 2338 743 2391 ego
762 2329 852 2391 teneo,
864 2342 937 2384 nune

236 2411 295 2447 sero

130 2464 206 2528 Quid
219 2463 320 2518 sithoc
332 2464 437 2534 negoti.
473 2462 555 2516 Meus
566 2459 668 2514 sodalis
680 2461 849 2518 Philocrates
901 2469 938 2524 40

130 2535 162 2590 ln
173 2536 299 2590 libertate
312 2541 356 2588 est
367 2533 401 2587 ad
414 2541 526 2604 patrem,
538 2532 566 2586 in
578 2532 672 2600 patrie.
708 2531 785 2585 Bene
799 2543 858 2590 est:

124 2607 192 2661 ‘Nec
204 2613 249 2660 est
261 2604 401 2674 quisquam
413 2605 487 2670 mihi,
499 2619 575 2673 aeque
588 2601 685 2656 melius
697 2602 759 2671 quoi
777 2605 865 2662 velim.

131 2677 187 2733 Sed
198 2676 250 2730 hoc
262 2676 328 2730 mibi
338 2692 412 2746 egre
425 2683 476 2742 est,
493 2691 538 2728 me
556 2673 619 2726 huic
632 2671 740 2728 dedisse
759 2692 869 2744 operum
880 2699 937 2738 ma.

234 2748 297 2813 lem,

132 2819 188 2882 Qui
199 2835 281 2878 nunc.
293 2823 402 2885 propter
413 2832 456 2868 me
469 2831 582 2882 meaque
595 2814 686 2877 verba,
698 2815 806 2868 vinctus
818 2826 869 2872 cst.

166 2890 236 2958 Heg.
262 2885 374 2996 Vetuin’
395 2893 423 2940 te
442 2884 585 2954 quidquam
608 2883 646 2937 mi
663 2884 744 2940 bodie
763 2885 861 2942 salsum
878 2906 939 2959 pro·

235 2956 323 3026 loqui.
903 2961 939 3012 45

170 3027 258 3100 runa
276 3023 405 3080 veruna.
