2150 3410
366 177 579 234 cnP'rmval.
597 178 645 232 IV.
662 177 689 232 2.
891 179 927 236 39

124 320 250 377 collecto
261 318 371 389 quidem
383 327 427 374 est
438 318 534 388 pallio:
553 317 678 388 quidnam
691 317 839 374 acturu’st?

157 393 230 462 arg.
252 391 332 444 Move
356 391 406 444 aba
427 398 454 444 te
475 407 584 456 moram,
604 397 693 458 utque,
714 388 848 460 Ergasilo,
872 405 926 460 age

229 461 300 514 hanc
313 477 378 514 rem.
893 462 927 516 10

122 533 235 588 Eminor
248 531 469 599 interminamus,
482 547 516 584 ne
529 531 588 598 quis
600 530 636 584 mi
648 529 781 584 obstiterit
792 529 905 600 obviam,

120 604 185 659 Nisi
197 604 243 670 qui
256 608 299 656 sat
311 601 356 654 diu
367 601 466 655 vixisse
478 617 541 653 sese
555 603 635 655 homo
647 601 834 658 arbitrabitur:

122 675 205 738 Nam,
218 673 262 742 qui
276 671 416 740 obstiterit,
430 689 475 727 ore
493 673 579 725 sistet.

159 744 232 814 Heg.
504 742 558 794 Hic
570 742 649 796 homo
661 742 810 812 pugilatum
823 743 925 814 incipit.

158 815 231 885 Erg.
249 811 354 866 Facere
366 820 471 867 certum
483 821 542 868 est:
560 811 670 882 proinde
684 822 714 867 ut
725 831 819 868 ornnes
830 814 928 870 itinera

230 883 356 937 insistant
368 900 425 950 sua,

122 953 170 1010 Ne
182 954 244 1023 quis
255 953 283 1008 in
294 955 345 1007 hac
358 955 448 1022 platea
460 953 554 1023 negoti
566 953 690 1008 conferat
701 953 843 1023 quidquam
857 954 907 1009 sui.

121 1026 200 1082 Nam
211 1041 288 1150 Ἢ
300 1031 344 1079 est
354 1024 461 1078 ballista
472 1042 580 1094 pugnus
590 1044 597 1092 3
614 1025 721 1078 cubitus
737 1025 873 1094 catapulta
885 1032 928 1150 ⁶1⁸4}

287 1114 304 1162 ¹5

122 1168 263 1222 Humerus
284 1166 373 1219 aries:
408 1170 464 1219 tum
482 1181 556 1234 genu
574 1164 608 1220 ad
627 1181 758 1235 quemque
771 1166 875 1237 jecero,
893 1164 928 1221 ad

231 1243 331 1292 terram
344 1234 421 1290 dabo.

122 1307 288 1431 Dentilepos
301 1306 405 1360 omneis
424 1305 558 1360 mortaleis
579 1304 684 1374 faciam,
696 1321 827 1376 quemque
842 1307 927 1362 offen·

249 1394 306 1432 ero.

160 1449 233 1520 Heg.
250 1448 322 1528 Qua
334 1445 403 1500 illac
416 1446 544 1502 eminatio
556 1447 618 1502 est?
635 1465 698 1502 narn
715 1463 821 1516 nequeo
838 1447 929 1503 mouri

232 1524 308 1572 satra.

159 1589 231 1660 Erg.
249 1588 360 1642 Faciam
381 1594 412 1642 ut
431 1588 491 1659 ejus
509 1587 564 1643 diei
580 1587 686 1657 locique
702 1587 810 1658 meique
821 1601 930 1657 semper

232 1659 392 1714 meminerit.
892 1657 929 1714 20

125 1731 184 1794 Qui
195 1731 260 1785 mihi
276 1730 304 1784 in
324 1745 406 1784 cursu
427 1730 569 1796 obstiterit,
590 1727 653 1784 faxo
670 1729 731 1784 vita
750 1729 774 1784 is
792 1729 929 1801 extemplo

232 1799 367 1855 obstiterit
375 1818 439 1854 sue.

161 1871 233 1942 neg.
250 1871 327 1933 Quid
347 1871 391 1926 hic
403 1873 483 1926 homo
494 1876 598 1926 tantum
610 1869 742 1940 incipissit
753 1871 847 1927 faeere
865 1885 928 1924 cum

232 1941 314 1995 tantis
326 1940 424 1995 minis?

161 2011 232 2083 Erg.
250 2011 327 2064 Prius
340 2011 426 2079 edico,
439 2027 473 2066 ne
492 2011 551 2080 quis
567 2017 676 2082 propter
685 2011 794 2082 'culpam
806 2011 930 2082 capiatur

233 2099 318 2146 suam,

125 2153 273 2211 Continete
285 2169 333 2206 voa
345 2151 434 2217 domi3
451 2151 590 2221 prohibete
603 2170 620 2206 a
631 2151 707 2207 vobis
719 2152 772 2207 vim
783 2169 879 2206 meam.

166 2224 237 2294 Heg.
256 2223 335 2289 Mira,
348 2221 453 2292 edepol,
465 2229 535 2290 sunt,
548 2223 575 2277 ni
595 2222 639 2277 hic
660 2222 688 2276 in
700 2230 822 2278 venucrn
834 2223 931 2278 sumsit

232 2294 432 2348 confidentiam.
893 2294 930 2348 25

125 2363 177 2419 Ve
190 2363 289 2417 misero
300 2363 347 2430 illi,
359 2363 436 2433 cujus
449 2363 509 2418 cibo
521 2365 574 2417 iste
588 2363 698 2418 faotu’st
710 2362 892 2432 imperiosior!

160 2435 230 2505 Erg.
257 2434 329 2488 Tum
349 2435 464 2504 pistores
487 2435 652 2503 scrofipasci‚
669 2435 713 2505 qui
734 2435 809 2488 alunt
826 2433 929 2490 furtiuo

233 2521 306 2571 sues,

126 2575 253 2636 Quarum
265 2575 346 2629 odore
359 2573 498 2642 preterire
511 2590 590 2628 nemo
602 2575 743 2644 pistrinum
754 2580 860 2644 potest3

125 2646 231 2700 Eorum
243 2646 266 2700 si
277 2646 453 2716 quojusquam
469 2644 583 2698 scrofam
596 2645 623 2698 in
637 2644 743 2714 publico
754 2663 930 2717 conspexero,

127 2717 171 2772 Ex
183 2717 249 2786 ipsis
262 2716 383 2783 dominis,
395 2717 463 2770 meis
476 2715 582 2784 pugnis,
595 2715 744 2769 exculcabo
757 2715 883 2774 furfures.

164 2789 235 2858 Heg.
254 2785 387 2841 Basilicas
399 2787 549 2840 edictiones
561 2792 641 2855 atque
656 2787 811 2856 imperiosas
823 2788 914 2843 habet.

129 2857 211 2914 Satur
223 2858 303 2912 homo
316 2863 373 2912 est:
391 2857 474 2912 habet
491 2856 613 2926 profecto
631 2857 660 2912 iu
680 2866 773 2912 ventre
792 2859 930 2916 confiden-

236 2927 310 2982 tiam.

164 2997 326 3121 Erash?
346 2998 503 3067 piscatores,
515 2998 560 3065 qui
579 2994 701 3065 prebent
716 2997 815 3066 populo
831 2995 931 3063 pisceis

246 3067 294 3121 oeti
313 3084 352 3134 os,
