2150 3410
354 179 567 238 omnivm.
585 180 621 236 n.
637 179 666 234 e.
878 179 913 236 rr
1022 147 1023 154 ‘

93 382 96 388 ,
141 323 247 379 Philoc.
473 320 553 375 Unde
566 305 701 390 excoquet
712 336 805 374 aevom
817 335 913 375 senex.

144 397 215 478 Heg.
233 393 329 455 Quid?
347 398 424 462 puter
440 392 563 448 vivitne?

142 467 247 521 Pluloc.
503 463 702 530 Vivom,qnom
713 461 776 518 inde
790 461 914 528 abiimus,

551 533 685 601 liquimus.

103 604 200 673 Nunc,
212 605 293 670 vivet,
305 621 401 671 necne,
413 604 440 657 id
453 604 555 659 Orcum
567 604 638 657 scire
651 609 758 674 oportet
767 603 883 658 scilicet

143 676 235 748 dyved.
254 676 336 729 Solve
354 693 399 730 res
420 683 476 729 eet:
501 673 702 744 philosophatur
720 690 825 744 quoque
840 675 914 748 jern3

215 763 270 800 non
281 745 397 800 mendax
408 745 488 799 modo
500 751 551 799 est.

145 815 216 898 Heg.
234 816 318 878 Quod
335 823 394 872 eret
406 817 433 869 ei
444 815 563 870 nornen?
686 855 689 876 ,

141 887 247 942 Phdoc.
389 884 842 957 Thesaurochryeonicochryeides.
877 888 914 942 35

145 957 215 1029 Heg.
234 957 380 1082 Videlicept,
391 962 500 1028 propter
512 957 627 1024 divitias,
636 956 749 1011 inditum
766 957 794 1013 id
814 975 913 1014 nomen

234 1029 291 1082 nusi
304 1037 347 1083 est

143 1046 246 1153 Phoda.
264 1099 358 1165 Immo,
378 1097 484 1167 edepol,
499 1104 608 1167 propter
617 1098 755 1153 avaritiam
767 1097 859 1168 ipsius,
873 1105 913 1153 et-

213 1168 424 1237 queoudccium.

106 1237 181 1294 Nem
193 1239 246 1320 ille·
260 1239 369 1309 quidem
389 1237 629 1293 Theodoromedes
647 1237 699 1293 suit
718 1257 847 1312 gennano
865 1257 913 1294 no·

250 1326 268 1362 n
287 1349 294 1363 .

144 1327 310 1464 Heg.mt12did
321 1386 351 1435 tu
364 1378 426 1435 eie?
444 1386 562 1433 tenaxne
572 1387 648 1503 peter
660 1381 718 1450 eju·
728 1381 789 1434 est?

143 1451 247 1505 Philon.
589 1467 660 1503 mmo
672 1449 768 1518 edepol
781 1450 914 1519 pertinax.

107 1521 289 1587 Quinetiam,
302 1528 332 1575 ut
343 1521 432 1592 magis
443 1537 549 1588 nosces,
561 1521 651 1574 Genio
671 1537 721 1574 suo
741 1521 788 1576 ubi
807 1521 914 1590 quondo

214 1593 366 1658 sacruficet,
878 1591 915 1646 40

108 1663 155 1716 Ad
167 1679 222 1716 rern
235 1662 360 1729 divinam,
372 1661 468 1731 quibus
481 1669 524 1715 est
535 1678 610 1730 opus,
627 1660 724 1715 Samiis
737 1662 808 1716 vanis
821 1661 914 1730 utitur,

108 1733 155 1788 Ne
167 1733 343 1856 ipeelgleniue
363 1732 497 1803 surripiet.
534 1731 659 1800 Proinde,
680 1732 739 1786 eliis
759 1740 790 1787 ut
809 1735 913 1803 credet,

213 1821 239 1856 vr
258 1821 282 1858 e.
898 1839 903 1844 -

145 1874 215 1945 Heg.
234 1876 357 1944 Sequere
369 1874 421 1927 hec
433 1890 477 1927 me
489 1871 581 1944 igitur.
617 1871 721 1928 Eodem
737 1890 793 1946 ego
805 1891 841 1929 ex
853 1875 913 1944 hoc,

214 1961 271 2012 que
291 1945 360 2010 volo,
371 1943 564 2012 exquaeeivero.
923 1983 926 1998 .

107 2014 287 2082 Philocrates,
298 2015 342 2069 hic
365 2015 438 2081 fecit,
450 2013 585 2068 hominem
597 2012 668 2084 frugi
680 2021 710 2067 ut
722 2015 814 2070 fecere
834 2033 912 2086 opor-

214 2088 273 2140 tuit.

107 2155 181 2210 Nem
202 2173 237 2210 ex
258 2157 319 2223 hoc,
340 2172 393 2226 quo
413 2171 518 2227 genere
538 2161 618 2209 nctus
638 2155 685 2220 sis,
697 2154 772 2223 scio;
792 2157 837 2212 hic
858 2157 912 2212 fee-

213 2228 280 2282 eu'et
291 2228 365 2281 mihi.
875 2229 912 2284 45

106 2297 177 2350 Haec
189 2304 218 2351 tu
232 2297 328 2351 endem
340 2299 363 2351 si
376 2297 499 2350 confiteri
510 2295 558 2361 vis,
569 2303 657 2350 tuere
670 2295 787 2352 feceris:

107 2368 179 2430 Quae
191 2373 284 2422 temen
295 2369 364 2422 scito
382 2367 453 2422 seire
465 2383 509 2422 rue
523 2383 557 2420 ex
570 2367 631 2420 hoc.

147 2437 233 2508 dhnd.
546 2436 626 2490 Fecit
636 2435 753 2490 officium
765 2437 810 2491 hic
823 2453 910 2507 nuum,

106 2507 200 2569 Quom
218 2508 267 2631 ffldi
288 2513 331 2562 est
354 2507 496 2562 confessus
519 2523 629 2560 verum:
656 2522 815 2575 quemquem
837 2508 910 2564 volui

212 2596 242 2632 ee
263 2579 307 2632 ulo
897 2591 900 2598 ’

104 2648 198 2703 Meum
220 2649 387 2705 nobilitatem
412 2647 559 2714 occurere,
586 2654 616 2702 et
637 2663 734 2718 genus,
754 2656 785 2704 et
805 2650 910 2707 divitiae

211 2738 286 2775 mene

104 2789 207 2861 Hegio.
244 2761 327 2845 Nu’uc
345 2790 452 2860 quondo
468 2789 580 2870 petriam
592 2788 785 2846 etlibertetem
797 2792 910 2861 perdidi,

106 2861 171 2916 Non
184 2877 238 2932 ego
249 2862 339 2916 istunc
357 2879 401 2916 me
420 2867 517 2933 potrus,
530 2877 609 2929 quem
622 2867 651 2915 te
662 2868 794 2929 metuere,
807 2879 911 2933 equom

211 2949 322 2986 censeo.
874 2935 909 2988 51

104 3000 156 3054 Vin
169 3002 274 3056 hostilis
286 3020 349 3056 cum
360 3001 429 3122 istit?
441 3000 509 3055 fecit
520 3017 595 3056 mene
608 3017 674 3068 opes
685 3000 839 3070 equebiler.
