2150 3410
348 105 566 164 CAPTEIVEI.
584 107 633 162 lll.
651 109 677 162 b
878 111 914 166 37

103 250 140 304 In
151 247 311 318 lapicidinas
323 247 406 302 facite
420 245 552 302 deductus
564 247 631 302 siet:

105 322 200 389 Atque
212 319 286 372 hunc
300 319 337 372 ita
348 335 391 372 me
403 317 482 385 velle,
495 316 585 385 dicite,
598 316 728 384 curerier,

104 389 151 444 Ne
166 391 211 458 qui
225 389 344 443 deterius
359 389 420 441 huic
433 389 476 456 sit,
489 405 568 457 quam
581 389 642 456 quoi
661 401 786 458 pessume
800 393 851 441 est.
878 388 914 442 80

143 460 232 532 Tyrrd
245 460 301 513 Cur
309 476 371 530 ego,
381 466 408 512 te
418 458 509 526 invito,
518 477 560 514 me
571 475 632 512 esse
643 459 745 512 salvom
757 459 912 527 postulem?

102 530 263 585 Periculum
276 529 336 584 vite
350 547 415 583 meae
429 537 484 584 stet
495 538 541 583 tuo
554 529 682 598 periculo.

102 602 181 668 Post,
193 609 315 666 mortem,
328 599 356 652 in
367 609 452 654 morte
465 600 533 654 nihil
545 603 595 666 est,
608 598 678 666 quod
692 606 816 668 motuum¹
828 601 909 658 malit

102 672 170 727 Etsi
182 673 290 741 pervivo
302 687 386 738 usque
399 669 433 723 ud
446 687 576 726 summum
588 675 705 736 etatem,
718 678 810 724 tumen

101 744 195 796 Breve
208 742 323 810 spatium
335 747 377 794 est
388 739 552 810 perferundi,
564 756 621 808 quar
635 738 742 793 minitas
754 740 826 794 mihi.
875 743 911 798 85

101 813 176 867 Vcle
190 819 270 880 etque
282 811 372 879 salve;
389 813 449 878 etsi,
463 811 547 865 aliter
554 817 585 862 ut
596 809 692 872 dicam,
705 827 804 864 meres.

101 883 157 951 Tu,
171 882 386 950 Aristophontes,
399 879 432 936 de
445 899 488 935 me
502 888 532 934 ut
543 881 674 943 meruisti,
686 881 725 934 ita
738 880 798 936 vele
812 899 820 949 3

101 953 178 1008 Nem
190 953 255 1006 mihi
266 960 374 1022 propter
387 958 414 1006 te
427 952 480 1005 hoc
494 951 599 1022 obtigit

173 1039 215 1093 eg.
672 1019 818 1075 Abducite.

141 1092 231 1166 Qud.
249 1093 289 1146 At
301 1109 383 1147 unum
394 1091 445 1146 hoc
468 1108 567 1162 queso,
585 1089 609 1144 si
626 1090 680 1144 huc
699 1091 800 1146 rebitet
816 1090 906 1146 Philo·

209 1171 308 1228 cretes,
910 1199 914 1210 .

100 1234 143 1290 Ut
153 1233 219 1288 mihi
231 1236 290 1305 ejus
303 1231 387 1287 facias
400 1230 580 1287 conveniundi
591 1230 704 1298 copiam.
872 1234 907 1288 90

136 1305 210 1376 Hcg.
223 1302 354 1371 Periistis,
363 1305 415 1356 nisi
427 1303 497 1356 hunc
506 1305 563 1373 jem
575 1319 590 1356 e
604 1308 753 1372 conspectu
765 1301 907 1358 abducitis.

140 1374 226 1447 Tynd
240 1375 290 1497 Vi?
302 1373 361 1427 hec
374 1374 488 1444 quidem,
501 1373 603 1440 hercle,
612 1380 663 1440 est,
674 1381 704 1426 et
715 1372 784 1426 trnhi
795 1381 824 1427 et
835 1375 907 1428 trudi

208 1445 295 1498 simu.

137 1515 209 1586 Heg.
227 1515 287 1568 Illic
309 1521 354 1568 est
374 1513 506 1568 abductus
524 1520 601 1568 recta
612 1513 640 1566 in
652 1512 803 1584 phylacem,
816 1521 848 1568 ot
867 1513 907 1568 di·

207 1602 279 1656 gnus
292 1591 343 1639 est

99 1655 164 1728 Ego
177 1655 230 1710 illis
242 1656 372 1724 cepteivis
384 1653 444 1708 eliis
454 1653 644 1708 documentum
654 1651 731 1722 dcbo,

99 1727 147 1780 Ne
161 1726 216 1780 tale
229 1726 368 1797 quisquam
380 1725 485 1779 facinus
497 1724 615 1792 incipere
629 1724 737 1778 audent.
871 1725 907 1780 95

100 1795 181 1860 Quod
197 1797 298 1865 absque
311 1796 361 1850 hoc
374 1802 458 1862 esset,
470 1795 514 1864 qui
527 1795 591 1848 mihi
605 1793 656 1848 hoc
670 1793 738 1849 fecit
748 1793 845 1865 pelam,

99 1868 195 1934 Usque
208 1867 367 1921 offrenatum
380 1867 436 1920 auis
449 1883 492 1918 me
505 1865 649 1918 ductarent
661 1865 738 1920 dolis.

99 1937 184 1991 Nunc
197 1946 302 1992 certum
314 1943 357 1990 est
368 1937 435 1990 nulli
447 1941 508 2004 post
519 1936 578 1989 haec
590 1933 733 2005 quidquam
745 1936 869 1990 credere.

99 2007 176 2062 Satis
188 2025 248 2062 sum
259 2008 344 2062 semel
357 2007 497 2074 deceptus.
534 2005 647 2074 Speravi
664 2005 748 2060 miser

98 2077 143 2131 Ex
155 2078 285 2132 servitute
297 2095 340 2132 me
354 2078 490 2131 exemisse
504 2075 595 2130 filium.
854 2077 906 2133 100

99 2149 143 2202 Eo
155 2165 218 2218 spes
232 2148 325 2219 elapsa
336 2156 387 2202 est
423 2146 532 2201 Perdidi
545 2163 628 2200 unum
637 2145 729 2215 tilium,

99 2217 221 2272 Puerum
233 2219 407 2289 quadrimum,
419 2234 499 2287 quern
510 2216 574 2270 mihi
587 2233 680 2271 servos
692 2217 810 2287 surpuit:

99 2287 200 2357 Neque
215 2291 287 2344 enim
299 2306 404 2344 servom
417 2304 535 2356 unquam
547 2289 645 2356 reperi,
658 2303 746 2356 neque
760 2287 860 2343 filiumr

98 2359 189 2430 Major
200 2362 301 2428 potitus
314 2359 431 2413 bostium
444 2365 494 2412 est.
532 2357 612 2420 Quod
625 2358 676 2411 hoc
689 2364 732 2411 est
744 2359 853 2412 scelus!

99 2431 191 2491 Quasi
203 2431 232 2484 in
244 2431 384 2484 orbitatem
394 2429 495 2483 liberos
507 2428 685 2497 produxerim.
852 2428 904 2486 105

99 2499 223 2568 Sequere
236 2501 304 2554 bac:
323 2499 451 2554 reducem
464 2505 501 2565 te,
513 2497 559 2551 ubi
572 2497 654 2551 tincti.
690 2497 816 2552 Neminie

99 2570 228 2626 Misereri
240 2577 345 2626 certum
356 2577 406 2637 est,
418 2569 480 2639 quio
491 2570 545 2623 mei
557 2567 667 2622 miseret
679 2567 823 2622 nerninem.

132 2641 217 2696 Ario.
236 2641 416 2711 Exauspicavi
428 2657 464 2694 ex
476 2638 589 2694 vinclis:
607 2655 678 2693 nunc
693 2637 832 2710 intellego,

98 2710 357 2785 Redcuspicandurn
370 2729 432 2770 esse
444 2712 472 2767 in
484 2716 597 2765 catenes
610 2710 708 2789 denuo.

380 2890 398 2944 4
