2150 3410
146 181 183 240 32
387 155 602 242 strumum.
621 189 671 244 111.
688 191 714 244 4.

153 322 265 391 Verum,
277 323 301 378 si
313 324 375 392 quid
389 324 488 380 metuis
501 343 518 380 a
529 343 581 396 me,
595 328 662 400 jube
674 347 718 385 me
730 331 841 388 vinciri:
860 335 930 405 volo,

153 393 227 450 Dum
238 394 299 450 istic
311 394 405 450 itidem
417 396 557 452 vincietur.

192 465 278 538 Tynd.
533 467 617 524 Immo
630 470 774 541 enimvero,
786 473 888 548 Hegio,
923 477 960 532 76

152 533 226 597 Istic,
240 534 285 603 qui
299 535 362 604 volt,
373 536 515 592 vinciatur.

187 605 270 660 Anti.
465 608 541 663 Tsce
555 610 651 663 modo:
669 629 724 682 ego
737 621 774 680 te,
786 611 958 674 Philodmtes

153 673 243 742 Fulse,
255 675 364 734 faciem,
376 683 407 732 ut
419 694 498 734 verus
511 679 591 735 bodie
603 683 740 752 reperiare
753 685 908 756 Tyndarus.

151 745 226 808 Quid
239 744 276 800 mi
288 746 424 802 ebnutss?

487 819 551 875 Tibi
564 837 618 904 ego
630 822 753 880 sbnuto?
770 828 833 896 quid
848 837 922 902 agot,
935 831 959 886 si

536 891 608 947 absis
618 893 746 964 longius?

187 955 257 1029 Heg.
276 959 353 1023 Quid
366 960 426 1015 eis?
443 960 506 1031 quid
518 963 542 1017 si
554 964 650 1018 edeam
661 965 733 1020 hunc
746 967 893 1025 insanum?

188 1029 275 1101 iilud.
558 1033 674 1106 Nugas:
697 1035 885 1096 ludificabitur.
922 1044 957 1098 80
1055 1079 1056 1096 i

150 1097 267 1167 Gerriet,
288 1116 447 1225 quohrreque
465 1121 514 1173 pes
534 1120 651 1175 unquam
670 1111 757 1176 neque
782 1120 865 1181 caput
882 1129 955 1169 corn·

253 1187 336 1240 peres

147 1238 312 1294 ornamenta
326 1242 439 1309 obsunt3
457 1243 579 1314 Ajacem,
592 1245 664 1302 huno
677 1265 757 1317 quom
767 1250 853 1319 vides,
865 1255 954 1323 ipsum

252 1309 338 1365 vides.

183 1378 253 1450 Heg.
271 1381 349 1438 Nihil
361 1382 450 1450 faoi03
467 1389 557 1438 tumen
570 1385 657 1441 adibo.

184 1451 272 1524 Tynd.
557 1454 585 1508 N
587 1473 640 1512 uno
659 1475 713 1530 ego
725 1462 833 1517 omnino
846 1467 951 1521 occidi:

145 1523 228 1579 Nune
247 1540 301 1596 ego
319 1523 513 1578 intersectum
541 1543 688 1598 saxumque
714 1539 777 1600 sto;
803 1551 863 1602 neo,
885 1539 948 1606 quid

248 1595 355 1661 faciam,
366 1594 433 1648 seio.

180 1665 250 1737 Heg.
269 1665 312 1720 Do
328 1665 376 1719 tibi
398 1682 414 1719 o
433 1681 515 1734 erem,
535 1667 752 1741 Aristophontes,
772 1674 796 1730 si
814 1676 877 1745 quid
896 1685 948 1747 est,

249 1736 318 1803 quod
332 1751 375 1789 me
388 1683 464 1790 vedis.
912 1751 948 1805 85

176 1804 274 1930 Arietfi
279 1805 321 1888 Er
334 1821 377 1859 me
390 1804 496 1862 audibis
508 1824 583 1876 vers,
591 1827 648 1879 quae
661 1828 733 1868 nuno
746 1814 814 1871 falsa
827 1819 948 1891 opinare,

276 1894 291 1931 e
314 1894 347 1930 10.

141 1948 198 2003 Sed
221 1947 273 2002 boc
293 1895 411 2031 {mimum
437 1965 481 2002 me
507 1966 661 2024 expurgare
681 1955 729 2009 tibi
755 1957 824 2026 volo,
842 1977 886 2015 me
904 1964 946 2018 in-

245 2035 350 2072 samam

139 2087 238 2158 Neque
263 2096 368 2156 tenere,
392 2108 480 2159 neque
499 2093 534 2146 mi
554 2109 616 2147 esse
644 2095 726 2150 ullum
744 2100 873 2168 morbum,
891 2106 944 2161 nisi

243 2160 313 2228 quod
326 2162 423 2213 servio.

138 2231 185 2297 At,
197 2230 235 2285 ita
249 2248 290 2284 me
312 2247 362 2284 rex
384 2230 503 2287 Deorum
524 2240 604 2301 etque
622 2235 757 2292 hominum
769 2239 837 2296 faxit
848 2244 940 2312 patrie

240 2307 400 2370 compotem,

138 2371 175 2425 Ut
193 2371 254 2427 istic
278 2370 449 2427 Philocrates
469 2389 522 2427 non
540 2377 629 2444 magis
646 2384 696 2444 est,
715 2396 793 2447 quem
812 2389 860 2436 eut
877 2401 940 2455 ego,

240 2449 325 2497 autu.

168 2511 239 2596 Heg.
381 2513 456 2567 Eho!
476 2515 521 2569 dic
535 2515 608 2583 mihi,
903 2526 939 2580 90

131 2581 203 2645 Quis
216 2583 300 2654 igitur
312 2583 358 2638 ille
372 2585 434 2638 est?

166 2651 250 2707 Arist.
421 2655 513 2715 Quem
527 2657 626 2712 dudum
641 2659 696 2714 dixi
709 2677 725 2714 e
737 2661 867 2731 principio
879 2663 936 2720 tibi.

130 2723 193 2778 Hoo
205 2723 228 2778 si
240 2741 321 2778 secur
333 2725 464 2793 reperies,
476 2727 575 2782 nullam
590 2745 700 2783 eausam
713 2731 782 2798 dico,
794 2735 859 2801 quin
870 2733 936 2792 mihi

131 2793 168 2850 Et
198 2801 321 2850 arentum
333 2801 362 2847 et
373 2794 505 2850 libertatis
518 2797 589 2866 apud
602 2806 629 2852 te
643 2798 760 2868 deliquio
772 2803 833 2857 siet.

195 2883 237 2936 eg.
254 2863 330 2927 Quid
343 2871 373 2917 tu
386 2863 448 2917 sis?

167 2935 257 3007 Qud,
410 2932 545 3052 Mehtuum
558 2951 620 2987 esse
633 2953 748 3004 servom,
762 2946 791 2993 et
802 2945 830 2994 te
843 2957 933 2999 meum

474 3017 557 3054 erum.

160 3072 230 3146 fleg,
606 3069 686 3122 Haud
699 3071 769 3125 istuc
783 3091 859 3146 rogo.
