2150 3410
371 157 589 224 crrrmvltl.
607 167 657 224 ΠΙ.
675 169 702 222 t.
904 171 942 226 att

132 307 253 366 Fuistiu’
264 308 355 364 liber?

172 379 263 452 ΊῘψυΙ.
353 379 414 434 Fui.

168 451 255 506 Arist.
405 451 548 506 Enimvero
560 469 615 504 non
627 449 693 504 fuit:
712 468 800 522 nugas
814 451 879 522 agit
906 451 941 506 95

172 521 338 645 MthUi
350 531 379 576 tu
391 523 466 577 scis?
484 541 519 576 au
529 533 557 576 tu
572 522 686 576 fortusse
699 521 773 578 fuisti
784 539 852 580 mete
863 523 940 578 matri

243 609 259 645 o
292 594 381 659 tetris,

130 662 194 724 Qui
207 661 234 714 id
247 670 302 717 tam
314 664 444 718 audacter
456 665 551 718 dicere
563 661 670 716 audes?

169 733 255 786 Arist.
630 733 747 788 Puerum
759 743 786 789 ta
799 733 854 789 vidi
866 751 941 804 puer.

173 803 264 874 Third.
284 807 320 860 At
332 821 387 929 {go
398 811 426 858 te
440 804 521 860 rideo
540 805 625 874 major
645 805 786 874 majorem:
806 806 868 860 hem
884 823 942 860 rur·

243 878 336 930 sumti
357 877 379 930 i!

134 945 232 1000 Meam
244 963 301 1009 reru
313 963 367 1000 non
378 962 467 1013 cures,
476 945 500 1000 si
513 952 588 1000 recta
601 944 696 1000 socias.
733 945 807 1000 Num
816 963 942 1018 egocuro

255 1034 271 1069 u
326 1018 338 1072 Ρ

171 1023 360 1211 Ηιςξξιᾟῑὲιο
379 1086 443 1142 huic
463 1093 542 1156 pater
559 1086 943 1212 Thesaurochrysonicochlrffi

241 1176 265 1213 si
284 1175 331 1212 es.

169 1227 254 1282 mut.
273 1227 338 1284 Non
356 1229 421 1284 fuit:
439 1243 528 1297 nequa
547 1245 602 1300 ago
620 1229 691 1284 istuc
711 1245 812 1286 nomen
823 1245 942 1298 unquam

243 1299 333 1353 audivi
345 1306 408 1354 aute
418 1300 489 1353 hunc
502 1298 581 1353 diem.

134 1368 282 1425 Philocrati
294 1369 535 1426 Theodoromedes
547 1371 599 1426 fuit
609 1377 696 1443 petar.

174 1441 261 1512 disard.
740 1439 830 1495 Pereo
841 1439 934 1510 probe.

134 1511 214 1574 Quin
232 1511 352 1636 qgriescis
373 1511 521 1568 dierectum
542 1529 590 1567 cor
606 1511 716 1568 meum?
751 1509 774 1579 1,
785 1528 817 1564 ao
830 1527 943 1580 suspen·

262 1589 326 1637 ete.

134 1651 181 1706 Tu
194 1652 347 1718 subsultas3
364 1669 419 1724 ago
431 1653 513 1708 miser
524 1654 570 1708 vix
582 1652 659 1707 adsto
671 1669 723 1722 prm
736 1650 887 1707 formidine.

171 1723 244 1795 Heg.
262 1724 356 1778 Sati’n'
368 1725 438 1779 istuc
450 1725 516 1780 mihi
534 1725 698 1794 exquisitum
709 1733 760 1792 est,
773 1723 857 1780 fuisse
870 1722 942 1778 huno

241 1811 348 1849 servom
361 1796 388 1850 in
402 1795 504 1850 Alide?
889 1796 942 1851 105

134 1863 237 1932 Neque
250 1883 312 1920 esse
324 1867 398 1922 huuc
410 1866 590 1922 Philocratem
603 1866 615 1920 P

170 1935 255 1990 adr-iat.
482 1938 553 2020 Tam
566 1939 640 2018 satis,
652 1953 731 2005 quam
742 1954 879 2008 nunquam
890 1936 942 1993 hoc

541 2024 664 2063 iuvenies
676 2025 767 2064 secus.

134 2075 193 2150 Sed
206 2076 253 2132 ubi
264 2077 288 2131 is
300 2095 373 2132 nuuc
389 2079 451 2132 est?

172 2145 242 2219 Heg.
460 2147 514 2203 Ubi
528 2165 582 2220 ogo
593 2148 721 2216 minume,
731 2156 811 2218 atque
824 2151 898 2220 ipsus
910 2165 942 2205 se

509 2221 710 2275 voltmaxuma.

134 2289 208 2343 'I'um
219 2288 303 2359 igitur
314 2305 369 2360 ego
382 2289 584 2359 deruncinatus,
593 2291 754 2345 deartuatus
765 2307 825 2344 sum
837 2291 919 2346 misor

134 2361 226 2431 Hujus
238 2360 348 2414 scelesti
361 2361 486 2428 technis3
504 2364 549 2431 qui
569 2379 623 2428 ma,
644 2368 675 2416 ut
694 2359 808 2416 lubitum
829 2367 880 2430 est,
893 2362 942 2417 du·

241 2431 415 2486 ctavitdoiiS.
524 2489 527 2498 ,

134 2500 192 2556 Sed
206 2499 326 2556 videsis.

169 2569 254 2626 Arist.
353 2573 430 2635 Quin
442 2574 610 2642 exploratum
623 2571 692 2638 dico,
704 2579 733 2644 et
745 2574 878 2643 provisum
890 2573 943 2628 hoc

393 2645 450 2699 tibi.
891 2646 944 2701 110

171 2712 242 2794 Heg.
261 2715 394 2769 Gertcu’?

170 2784 246 2838 Amet

414 2785 491 2846 Quin
502 2785 579 2850 nihil,
592 2784 708 2852 inquam,
720 2784 842 2840 invenies
855 2786 943 2856 magis

461 2855 513 2910 hoc
526 2862 602 2910 corto
614 2857 724 2910 certius.

135 2923 305 2980 Philocrates
319 2927 375 2996 jam
388 2925 451 2979 inde
463 2943 548 2996 usque
561 2928 666 2981 amicus
687 2926 739 2982 fuit
751 2924 816 2979 mihi
829 2941 846 2978 a
857 2941 942 2993 puero

171 3013 318 3136 Hegigfd
330 3081 383 3132 qua
396 3065 466 3118 facie
479 3071 522 3118 est
533 3071 596 3117 tuus
608 3063 708 3116 sodalis
721 3061 912 3115 Philocrates?

920 3320 1055 3368 A
