2168 3416
161 165 198 220 36
406 161 620 222 ΟΑΡΊἛΝΕῙ.
637 165 688 221 ΠΙ.
706 167 732 220 5.

260 346 268 361 .
461 306 518 360 Cur
529 322 561 360 es
574 323 657 362 ausus
669 305 778 362 mentiri
788 305 872 362 mibi?

199 378 287 449 lbnd.
306 378 381 440 Quia
392 393 457 431 vcra
469 377 597 432 obessent
608 379 655 446 illi,
664 379 728 446 quoi
736 394 846 448 operam
854 377 973 434 dabam:

161 447 243 503 Nunc
257 449 327 504 falsa
337 455 459 518 prosunt.

490 519 724 575 Attibioberunt

751 589 868 659 Optume
881 596 933 644 est.

161 663 203 716 Aa
212 661 307 714 herum
319 659 433 727 servavi,
445 677 525 728 quem
538 667 675 716 servatum
688 661 814 730 gaude03

160 732 236 795 Quoi
248 749 292 786 me
304 730 445 785 custodem
458 730 599 785 addiderat
609 732 691 786 herus
703 732 788 802 major
798 748 885 785 meus.
934 730 973 784 50

162 803 219 858 Sed
232 803 339 856 malene
352 800 378 854 id
392 802 524 856 arbitrare
537 800 658 857 factum?

197 874 271 944 Heg.
730 871 870 926 Pessnme.

200 944 289 1016 Tyod„
307 944 347 996 At
358 959 412 1012 ego
424 941 477 1006 aio,
488 949 572 1008 recte,
584 942 629 1010 qui
641 941 690 994 abs
701 948 729 996 te
739 959 863 997 seorsum
871 941 972 996 sentio.

162 1013 236 1070 Nam
248 1021 378 1086 cogitato,
391 1014 414 1066 si
427 1015 486 1080 quis
499 1015 551 1067 hoc
584 1020 647 1066 nato
660 1019 707 1065 tuo

162 1086 241 1140 Tuus
252 1102 346 1139 servos
359 1083 435 1150 faxit,
447 1085 555 1152 qualem
565 1032 683 1138 deberes
695 1083 834 1154 gratiam?

162 1155 357 1214 Emitteresae,
368 1171 465 1221 necne,
479 1171 542 1209 eum
553 1171 659 1209 servom
672 1155 773 1208 manu?
894 1196 899 1206 .
933 1154 972 1207 55

161 1225 279 1280 Essetne
292 1224 363 1295 apud
376 1230 404 1278 te
417 1223 441 1278 is
453 1241 548 1280 servos
559 1224 798 1294 acceptissumus?

161 1295 320 1366 Responde.

261 1407 268 1421 .
376 1365 488 1436 Opinor.

200 1439 289 1508 Qud.
523 1436 580 1489 Cur
591 1452 659 1505 ergo
671 1437 756 1490 iratus
768 1436 832 1490 mihi
845 1436 899 1492 es?

198 1509 269 1582 Heg.
287 1508 363 1570 Quia
374 1507 413 1562 illi
424 1505 508 1572 fuisti,
520 1523 599 1574 quam
611 1508 685 1572 mihi,
697 1507 811 1561 fidelior.

202 1581 291 1652 TW·
309 1577 408 1641 Quid?
426 1585 455 1632 tu
468 1594 523 1630 una
534 1584 615 1630 nocte
625 1577 792 1645 postulavisti
805 1586 834 1631 et
845 1577 898 1645 die,

164 1652 276 1706 Recens
288 1656 396 1718 captum
409 1649 553 1708 bominem,
563 1665 694 1717 nuperum
706 1656 735 1702 et
748 1651 885 1714 novitium,
933 1651 972 1706 60

162 1722 206 1776 Te
219 1720 374 1789 perdocere,
387 1727 418 1772 ut
430 1719 527 1773 melius
538 1718 709 1773 consulerem
723 1719 780 1782 tibi,

164 1792 257 1853 Quam
269 1790 315 1852 illi,
328 1791 436 1856 quicum
449 1806 502 1842 una
514 1806 531 1841 a
543 1807 627 1858 puero
638 1797 747 1843 oetutcm
759 1791 927 1862 cxegeram?

200 1862 269 1932 Heg.
289 1859 364 1930 Ergo
377 1859 409 1912 ab
423 1875 457 1912 eo
469 1860 553 1929 petito
566 1859 680 1928 gratiam
693 1862 780 1915 istam.
818 1862 928 1928 Ducite,

164 1932 219 1989 Ubi
232 1931 406 2002 ponderosas,
419 1946 525 1982 crassas
538 1931 630 1998 capiat
641 1932 804 2000 compedes;

163 2004 232 2061 Indo
245 2003 296 2056 ibis
309 2018 386 2070 porro
398 2001 426 2054 in
438 1999 561 2054 latomias
572 2001 724 2070 lapidarias.
935 2003 974 2058 65

164 2074 215 2140 lbi,
227 2090 307 2141 quom
319 2071 365 2126 olii
378 2078 490 2125 octonos
502 2070 606 2140 lapides
619 2071 772 2140 effoderint,

165 2144 227 2201 Nisi
239 2142 391 2196 cotidianus
403 2143 562 2212 sesquiopus
574 2142 737 2210 confeceris,

165 2213 387 2284 Sexcentoplago
400 2229 497 2266 nomen
509 2211 617 2266 indetur
632 2213 690 2266 tibi.

199 2283 355 2408 Arialill'er
377 2283 453 2336 Deos
473 2289 553 2351 atque
573 2283 704 2352 homines,
722 2301 777 2354 ego
794 2292 822 2340 te
841 2286 974 2354 obtestor,

301 2371 374 2416 ero,

166 2429 212 2483 Ne
224 2434 254 2482 tu
266 2372 355 2478 istudc
368 2424 503 2478 homiuem
516 2424 634 2494 perdnis.

203 2497 274 2568 Hcg.
695 2494 848 2550 Curabitur.
938 2495 976 2550 70

168 2568 241 2622 Nam
253 2573 336 2620 noctu
348 2581 433 2620 nervo
442 2565 548 2619 vinctus
561 2563 753 2632 custodibitnr;

167 2638 305 2693 Interdius
317 2636 367 2690 sub
379 2643 453 2690 terra
464 2634 570 2705 lapides
582 2637 692 2690 eximet

168 2710 223 2764 Diu
236 2724 291 2778 ego
303 2708 375 2760 hunc
387 2705 534 2773 cruciabo;
551 2725 605 2761 non
618 2723 671 2762 uno
684 2706 819 2761 absolvam
832 2705 885 2762 die.

203 2777 289 2833 uror.
308 2777 456 2831 Certumne
469 2778 571 2831 esttibi
585 2778 674 2831 istuc?

97 2843 101 2850 ’
204 2851 276 2920 fleg.
666 2847 730 2901 Non
743 2847 833 2902 moriri
845 2846 974 2902 certiu'st

170 2919 306 2975 Abducite
319 2918 400 2970 istum
413 2925 532 2972 actutum
545 2919 579 2970 ad
593 2918 768 2988 Hippolytum
780 2918 903 2974 fabrum:
938 2916 974 2970 75

167 2991 268 3045 Jubete
281 2986 343 3041 huic
356 3003 463 3039 crassas
474 2989 621 3056 compedes
639 2991 799 3058 impingier:

169 3061 237 3116 Inde
250 3066 325 3113 extra
339 3063 442 3124 portam
454 3058 488 3110 ad
500 3074 591 3112 meum
603 3059 729 3114 libertum
741 3057 898 3126 Cordalum,
