2150 3410
123 112 141 166 8
290 113 767 173 curremus-PROLOGUS.

123 255 195 312 Hice
208 261 301 310 sutem
312 255 383 308 inter
394 269 457 308 sese
468 255 541 308 hunc
554 255 742 310 confinxerunt
753 254 851 323 dolum,
894 255 934 312 35

122 326 188 388 Quo
197 333 277 396 puoto
285 324 329 378 bic
338 341 432 380 servos
439 341 518 378 suum
526 326 622 380 herum
630 325 693 380 hinc
704 327 933 384 smittstdonrum.

123 396 218 466 ltsque
231 396 302 452 inter
314 412 345 449 se
357 401 523 466 commutent
534 403 639 450 restem
652 403 681 450 et
693 398 808 462 nomine.

122 469 181 524 Illic
194 473 305 522 vocatur
317 465 493 531 Philocrates,
507 465 551 519 hic
564 465 718 536 Tyndarus.

123 539 212 594 llu'us
224 536 288 602 illic,
301 536 344 591 hic
357 536 437 602 illius,
449 535 529 590 bodie
543 534 597 590 fert
608 537 770 606 imaginem:

122 608 159 663 Et
167 557 214 662 liic
226 607 307 661 hodie
320 604 448 676 expediet
460 606 530 660 hunc
544 606 623 660 docte
636 607 786 677 fallacism3
893 609 932 665 40

123 679 159 734 llt
170 695 249 732 suum
260 677 356 732 berum
367 676 451 732 societ
461 677 595 732 libertatis
607 685 768 748 compotem.

122 748 279 818 Eodemque
291 755 371 818 pacto
382 748 493 803 fratrem
506 747 625 802 servabit
635 765 722 815 sumi,

123 818 319 888 Reducemque
332 818 416 874 societ
425 819 541 873 liberum
552 818 581 872 in
592 818 704 888 putrium
717 821 752 874 sd
764 829 878 891 putrem,

121 888 281 960 Imprudens
292 908 299 957 3
316 889 409 944 itidem
421 898 532 960 utsaepe
547 890 603 960 jum
614 887 642 943 in
653 890 744 944 multis
755 892 823 946 locis

122 961 188 1017 Plus
200 961 321 1015 insciens
334 961 393 1029 quis
404 959 479 1028 fecit,
490 977 570 1029 quum
582 959 707 1030 prudens,
719 962 791 1017 boni.
894 963 930 1017 45

122 1032 189 1100 Sed,
197 1031 354 1098 inscientes,
367 1047 417 1084 sus
428 1031 479 1085 sibi
491 1031 599 1085 fallacis

122 1105 165 1159 ltn
176 1108 369 1171 compererunt
380 1107 409 1155 et
421 1103 611 1156 confinxerunt
622 1102 713 1158 dolum
723 1123 731 1172 3

122 1176 217 1242 Ituque
229 1171 257 1227 bi
269 1173 415 1225 commenti
427 1171 461 1225 de
475 1191 525 1226 sus
536 1175 680 1243 sententio,

122 1245 161 1300 Ut
172 1243 202 1298 in
213 1243 342 1298 seruitute
355 1242 399 1296 hic
413 1243 448 1295 nd
460 1258 539 1296 suum
550 1253 660 1298 monent
675 1254 788 1316 putrem.

121 1317 164 1371 ltu
175 1331 247 1370 nunc
260 1313 388 1386 ignorans
401 1329 451 1366 suo
463 1313 514 1367 sibi
526 1316 612 1368 servit
623 1320 701 1386 patri.
893 1315 931 1368 50

121 1385 287 1441 Homuuculi
298 1383 390 1454 quanti
402 1383 481 1437 sunt!
500 1401 580 1452 quom
592 1389 724 1458 recogito.

121 1457 190 1512 Haec
202 1473 246 1510 res
259 1463 357 1526 egetur
368 1453 454 1522 nobis,
466 1453 541 1508 vobis
553 1454 652 1509 fabula.

121 1527 179 1582 Sed
191 1529 273 1582 etism
284 1533 335 1594 est,
347 1525 440 1594 puucis
452 1541 500 1579 vos
512 1525 581 1593 quod
595 1528 710 1582 monitos
719 1528 857 1583 voluerim.

122 1597 250 1653 Profecto
263 1595 390 1667 expediet
401 1595 498 1649 fsbulae
512 1595 574 1649 huie
588 1612 697 1664 operum
710 1597 784 1652 dare.

122 1668 186 1722 Non
198 1673 361 1738 pertractate
374 1666 448 1720 fectu
461 1673 512 1734 est,
523 1681 611 1734 neque
624 1665 689 1720 item
702 1674 732 1720 ut
743 1673 867 1719 cetere:
892 1669 927 1719 55

121 1738 220 1808 Neque
233 1736 378 1807 spurcidici
390 1736 483 1791 insunt
493 1753 587 1790 versus
600 1735 832 1789 immemorabiles.

122 1808 177 1863 Hic
190 1825 277 1878 neque
291 1809 415 1878 perjurus
428 1806 492 1860 leno
504 1813 555 1873 est7
568 1822 619 1859 nec
633 1805 763 1859 meretrix
775 1804 854 1866 rnsls,

121 1880 220 1948 Neque
233 1878 310 1934 miles
323 1878 466 1948 gloriosus.
503 1875 549 1931 Ne
561 1875 715 1942 versemini,

121 1951 196 2014 Quis
208 1949 308 2004 bellum
321 1947 419 2003 AEtolis
433 1963 495 2001 esse
509 1947 564 2001 dixi
575 1964 637 2000 curn
648 1946 733 2000 Aliis:

120 2022 198 2076 Foris
210 2021 264 2076 illic
278 2028 354 2074 extro
365 2037 477 2074 scenam
489 2019 556 2072 fient
567 2016 667 2088 proelin.
891 2019 927 2072 60

122 2092 194 2147 Nom
207 2091 258 2145 hoc
270 2107 347 2160 pene
360 2093 479 2160 iniquom
491 2095 534 2143 est
545 2089 648 2142 comico
660 2089 797 2160 choragio,

122 2162 221 2217 Conari
234 2162 358 2215 desubito
370 2179 419 2214 nos
432 2177 516 2232 egere
529 2159 699 2230 trugoedium.
784 2175 787 2184 ยน

120 2233 211 2300 Proin,
223 2232 246 2286 si
259 2233 318 2301 quis
331 2249 449 2303 pugnam
462 2237 613 2299 exspectnt,
622 2230 685 2283 lites
697 2231 855 2284 contrahet:

120 2305 308 2360 valentiorem
320 2311 416 2356 noctus
429 2301 614 2357 adversarium

121 2377 153 2431 Si
165 2373 225 2442 erit,
237 2391 291 2446 ego
303 2373 410 2440 focium,
428 2379 458 2426 ut
469 2387 588 2443 pugnum
606 2371 742 2441 inspectet
754 2389 808 2427 non
819 2373 925 2438 bouum,

121 2446 202 2502 Adeo
214 2453 244 2499 ut
256 2451 379 2515 spectsre
392 2451 487 2513 postes
498 2442 601 2496 omneis
614 2443 710 2498 oderit.
890 2443 926 2496 66

121 2517 209 2571 Abeo.
245 2515 355 2582 valete,
369 2514 472 2569 'udices
486 2513 637 2585 justissemi

121 2586 211 2656 Domi,
221 2586 339 2658 bellique
352 2533 518 2642 duellatores
530 2583 638 2655 optumi.
