2150 3410
253 473 533 533 ARGUMENTUM
551 472 756 530 PRISCIANI.

199 615 223 666 0
229 623 300 678 aptus
310 621 348 666 est
358 616 384 664 in
395 629 476 681 pugna
486 615 609 680 Hegionis
620 613 691 666 filius.

197 696 287 744 Alium
298 695 448 758 quadrimum
459 695 555 760 fugiens
565 709 650 744 servus
660 695 777 744 vendidit.

198 777 223 824 P
231 783 281 826 ater
291 778 401 840 captivos
412 784 589 826 commereatur
598 779 675 840 Alios,

201 859 312 908 Tantum
322 861 432 918 studens,
442 859 476 907 utl
487 864 572 907 natum
584 863 724 920 recuperet:

198 941 239 989 Et
249 941 274 988 in
285 941 339 989 ibus
350 941 410 989 emit
421 941 479 988 olim
491 939 606 988 amissum
618 938 702 988 fillum.

198 1023 216 1071 1
219 1037 238 1084 s,
250 1037 294 1071 suo
306 1037 363 1070 cum
375 1023 475 1070 domino
487 1025 557 1068 veste
568 1033 638 1068 versa
648 1035 678 1069 uc
688 1022 796 1080 nomine,

201 1103 238 1152 Vt
248 1105 379 1159 emittetur,
390 1101 465 1151 fecit:
482 1102 548 1163 ipsus
559 1101 678 1163 plectitur.

196 1185 270 1233 Etis
283 1183 381 1232 reduxit
392 1187 490 1244 captum
502 1185 528 1230 et
537 1181 665 1246 fugitivum
676 1183 756 1241 simul,

197 1266 213 1314 1
218 1266 299 1314 ndicio
310 1264 382 1326 cujus
393 1263 468 1310 elium
477 1262 590 1328 agnoscit
600 1261 685 1314 filium.

363 1393 651 1450 ARGUMENTUM.

50 1569 52 1572 .
134 1521 238 1577 Hecto,
250 1517 357 1575 AEtolus,
369 1519 429 1566 duos
440 1519 514 1568 habet
530 1517 602 1576 filios,
623 1533 725 1581 quorum
741 1520 827 1578 minor,
846 1535 944 1584 qua·=
1011 1583 1013 1592 Ι

101 1601 227 1656 drimulus,
237 1615 251 1648 a
261 1613 331 1647 servo
340 1597 441 1662 fugitivo
449 1601 579 1662 surripitur,
591 1613 648 1656 nec,
659 1599 716 1661 quid
727 1599 818 1649 factum
829 1601 852 1649 al
866 1603 906 1663 sit,

101 1683 192 1731 multos
204 1695 246 1743 per
256 1695 333 1730 anuos
350 1681 494 1746 investigare
507 1695 585 1730 senex
602 1687 691 1743 potest,
703 1682 778 1745 major
788 1691 869 1733 autem
880 1686 906 1734 in

101 1765 165 1812 bello
177 1763 207 1811 ib
219 1763 286 1811 Eleis
298 1763 398 1824 capitur.
439 1763 510 1820 Quod
530 1777 589 1811 vero
606 1763 686 1812 AEtoli
702 1777 798 1829 quoque
816 1767 906 1816 multos

101 1852 216 1908 ceperant
227 1845 311 1901 Eleos,
322 1851 498 1893 commereatur
507 1843 593 1908 Hegio
604 1845 750 1907 complures,
761 1861 869 1908 sperans,
879 1849 906 1897 in

102 1939 133 1972 eo
149 1939 175 1973 se
194 1938 296 1972 numero
307 1925 421 1986 aliquem,
433 1939 539 1986 quocum
558 1932 651 1972 mutare
669 1923 747 1973 filium
758 1933 839 1988 queat,
850 1942 906 1977 esse

101 2013 259 2068 reperturum.
292 2006 345 2053 Nec
366 2008 424 2067 spes
442 2019 499 2052 eum
517 2003 585 2053 fallit.
618 2005 768 2054 Philocrates
786 2007 906 2069 captivus,

102 2101 197 2135 summo
209 2087 234 2133 in
247 2086 317 2134 Elide
328 2086 383 2133 loco
394 2091 474 2146 natus,
485 2085 554 2134 letus
572 2087 602 2134 ad
619 2086 784 2135 conditionem
802 2089 907 2149 accedit,

102 2169 154 2224 sed,
165 2181 213 2228 quo
230 2167 301 2214 citius
318 2167 416 2214 servitio
435 2167 556 2223 liberetur,
575 2172 671 2216 vestem
686 2164 828 2230 nomenque
844 2169 908 2220 clam

103 2262 159 2297 curn
170 2248 284 2308 Tyndaro
295 2260 366 2295 servo
384 2261 438 2305 suo,
449 2248 520 2296 simul
539 2255 611 2310 capto
630 2252 753 2310 emtoque,
765 2257 908 2312 commutat,

102 2329 279 2390 persuadetque
299 2327 415 2392 Hegioni,
434 2334 461 2377 ut
480 2330 510 2377 ad
529 2327 607 2378 fillum
625 2329 679 2392 ejus
698 2331 863 2380 reducendum
881 2334 908 2382 iu

103 2408 201 2456 Elidem
220 2409 360 2458 dimittatur.
404 2409 500 2458 Interea
521 2417 602 2459 autem
624 2411 752 2474 cognoscit
772 2410 856 2476 Heglo
875 2427 908 2464 ex

105 2493 162 2549 alio,
174 2505 246 2553 quem
259 2499 358 2549 emerat,
369 2493 466 2554 captivo
484 2493 644 2555 imprudente,
655 2494 786 2554 deceptum
797 2507 826 2542 se
843 2509 908 2555 esse,
947 2527 949 2540 ,

103 2573 291 2636 Tyndarumque
303 2573 393 2630 statim,
404 2573 492 2622 misere
502 2575 622 2629 vinctum,
633 2573 658 2620 in
669 2572 809 2634 lapicidinas
824 2575 906 2626 mittit.

103 2655 162 2704 Non
179 2661 283 2702 moratur
300 2661 381 2702 autern
401 2653 566 2714 Philocrates3
591 2653 704 2716 opinione
724 2655 825 2704 celerius
846 2659 908 2707 redit

105 2751 161 2784 cum
174 2735 294 2798 Hegionis
305 2733 355 2784 filio
366 2736 475 2791 liberato,
486 2741 512 2783 et
523 2736 621 2784 adducit
631 2735 703 2782 simul
714 2734 744 2782 alr
756 2747 786 2782 eo
797 2736 822 2784 in
835 2735 907 2786 Elide

104 2817 212 2879 agnitum
230 2829 328 2863 servum
344 2815 503 2878 Stalagmum,
522 2816 564 2877 qul
583 2815 733 2878 quadrimum
751 2817 907 2878 surripuerat:

105 2910 153 2958 quo
165 2895 229 2944 sacto
240 2896 318 2957 palam
330 2893 367 2952 fit,
378 2895 517 2958 Tyndarum
524 2896 605 2957 ipsum
613 2909 668 2944 esse
679 2894 752 2942 istum
759 2896 909 2956 quadrimum

104 2977 162 3024 olim
179 2983 322 3038 surreptum,
341 2978 382 3025 cui
401 2977 499 3024 vincula
517 2977 598 3026 statim
621 2982 721 3036 epatre
739 2975 795 3022 loto
814 2975 910 3023 ademta

105 3056 229 3120 Stalagmo
241 3062 359 3118 aptantur,
371 3057 400 3104 iis
412 3057 521 3118 digniori.

315 3137 349 3190 let
