2150 3410
163 185 201 242 ³0
411 181 625 239 ommuni
644 181 694 240 111.
712 185 737 239 4.

164 325 223 388 Qui
234 323 389 380 convincor.
426 323 482 379 Sed
498 339 598 392 quoeeo,
606 323 709 392 hercle,
722 325 851 397 agedum,
860 327 970 397 adspice
1060 369 1061 374 1

270 395 304 449 nd
317 411 369 450 me.
496 425 499 430 ·

203 465 289 538 lynci.
466 465 557 520 Hem!

198 536 285 591 «liniet.
636 535 689 589 Dic
703 537 791 605 modo,

164 608 208 662 Te
220 624 307 677 neges
320 606 479 678 Tyndarum
495 623 557 661 ense
570 606 583 660 ?

502 676 595 748 Nego,
608 677 724 744 inquam.

586 748 659 802 'Fun’
671 755 699 804 te
713 748 897 814 Philocratem
909 769 971 808 esne

630 818 691 873 eie?

202 891 290 964 motu.
308 891 382 966 Ego,
394 891 511 960 inqunm.

199 962 282 1018 Art'et.
423 961 504 1016 Tune
516 960 579 1014 huic
592 959 705 1014 credie?

200 1035 271 1108 Heg.
556 1031 622 1085 Plus
634 1030 751 1154 qhuidem,
764 1047 844 1100 quum
856 1033 914 1102 tibi,
926 1040 973 1088 eut

605 1118 642 1156 mr
662 1102 679 1156 i.
939 1106 974 1159 40

166 1175 239 1230 Nm
250 1172 296 1228 ille
309 1173 427 1240 quidem,
440 1189 520 1240 quem
531 1179 561 1226 tu
574 1173 646 1226 hunc
660 1189 792 1227 memores
804 1189 878 1238 ene,
890 1175 972 1230 hodie

270 1243 333 1296 hinc
347 1243 413 1298 abiit
424 1242 533 1297 Alidem

165 1314 210 1370 Ad
222 1321 328 1384 patrem
340 1313 428 1385 hujus.

198 1385 283 1441 Arist
405 1385 499 1448 Quem
511 1389 624 1453 patrem,
637 1384 683 1453 qui
695 1401 787 1439 cervoe
801 1385 866 1440 eet?

203 1457 292 1530 Dryad.
773 1455 810 1510 Et
821 1463 850 1510 tu
862 1457 974 1526 quidem
1060 1493 1061 1498 κ

166 1531 266 1586 Servos
279 1534 309 1582 et
319 1525 389 1581 liber
400 1525 483 1592 fuisti,
496 1532 525 1578 et
537 1541 591 1594 ego
602 1542 646 1580 me
659 1526 767 1581 conlido
780 1528 846 1595 fore,

164 1603 196 1656 Si
208 1601 288 1654 hu’ue
300 1597 353 1652 huo
366 1597 558 1652 reconciliasso
569 1598 598 1649 in
610 1595 764 1652 libertatem
776 1598 869 1652 filium.

198 1672 281 1726 Amet.
300 1668 376 1731 Quid
394 1670 444 1736 nie,
456 1665 590 1722 furcifer?
607 1669 664 1720 tun’
681 1674 709 1722 te
729 1677 822 1724 netum
837 1685 972 1725 memores

268 1737 406 1793 liberum?
937 1741 972 1796 45

202 1810 289 1884 TW
301 1808 368 1890 Non
379 1807 505 1877 equidem
518 1823 561 1862 me
574 1807 711 1876 Liberum,
720 1809 770 1864 sed
779 1809 971 1880 Philocratem,

269 1895 331 1935 esse
344 1895 395 1933 ero.

146 1959 155 2006 1
198 1951 281 2008 Μ.
494 1948 567 2013 Quid
580 1949 646 2005 eet?

164 2023 204 2079 Ut
215 2023 357 2088 coelectos,
369 2019 471 2090 Hegio,
482 2036 555 2075 nunc
567 2020 590 2075 is
603 2029 631 2075 te
644 2021 723 2075 ludos
735 2020 818 2076 lucit!

164 2095 193 2150 N
195 2113 237 2150 em
249 2095 273 2148 ie
285 2099 328 2147 eet
339 2108 432 2146 servos
451 2093 518 2162 ipse,
531 2109 629 2161 neque,
641 2099 738 2162 preter
755 2109 795 2160 ee,
814 2108 931 2161 uuquam
943 2092 970 2146 ei

269 2181 363 2218 servos
375 2162 434 2216 fuit
500 2163 502 2168 ’

202 2235 290 2310 Μ.
309 2234 384 2296 Quin
396 2241 454 2288 tute
467 2231 525 2302 ipse
539 2250 608 2304 egee
627 2231 655 2288 in
675 2233 771 2306 petrin,
783 2249 835 2288 nec
848 2235 906 2302 tibi,
923 2235 970 2303 qui

268 2307 352 2372 vivre,
366 2305 436 2360 domi
450 2311 501 2370 est,

162 2379 278 2436 Omneis
291 2376 405 2432 inveniri
417 2375 529 2431 simileis
541 2376 590 2431 tibi
603 2376 652 2432 vie.
688 2373 752 2429 Non
765 2374 861 2430 mirum
873 2374 959 2430 fecisr

164 2451 216 2506 Est
227 2452 393 2574 misberorum,
406 2455 436 2503 ut
447 2447 642 2503 malevolentes
663 2445 718 2500 sint
738 2453 817 2516 etque
831 2445 971 2501 invideant

288 2519 355 2574 onie.
935 2518 970 2572 51

198 2590 282 2646 Amet.
302 2591 404 2662 Hegio,
419 2590 540 2657 videsis,
553 2605 588 2644 ne
601 2588 707 2658 quidtu
725 2587 789 2643 huic
806 2595 909 2644 temere
928 2589 970 2644 in·

269 2663 350 2717 risen
362 2661 484 2716 credere.

164 2736 264 2803 Atque,
288 2739 331 2857 Eud
347 2732 489 2803 perspicio,
515 2731 637 2801 profecto
658 2733 717 2803 jem
742 2729 844 2799 aliquid
870 2735 970 2802 pugne

269 2819 286 2857 e
306 2803 314 2856 i
335 2803 363 2857 it

162 2873 263 2930 Filium
288 2878 371 2996 tulum¹
389 2872 459 2938 quod
486 2869 620 2923 redimere
645 2885 677 2924 ee
703 2867 749 2933 eit,
766 2867 794 2921 id
813 2869 969 2938 nentiquam

269 2939 334 2996 mii
374 2948 444 2994 ucet.

201 3011 289 3087 ssed.
307 2957 380 3070 eolo,
391 3013 420 3062 te
442 3005 469 3060 id
490 3003 562 3059 nolle
580 3003 656 3057 fieri:
674 3001 790 3059 oneum
810 3011 931 3062 tenone

270 3079 307 3145 id,
318 3077 342 3133 ri
355 3075 401 3134 nit
410 3076 545 3148 adjurent.
