2150 3410
175 153 209 210 1⁴
429 150 642 208 cumulum.
660 150 696 206 11.
715 151 737 208 1.

209 295 274 350 Lor.
526 349 531 358 ,
609 289 749 354 Quidnam
761 292 788 347 id
801 294 863 350 est?

209 363 313 421 Philon.
688 361 735 426 Ut,
748 364 807 419 sine
818 365 861 420 his
873 366 991 424 arbitris

174 440 265 508 Atque
278 433 362 499 vobis,
373 431 451 486 nobis
464 429 533 486 detis
545 433 636 487 locum
647 432 783 502 loquendi

208 509 273 563 Lor.
291 503 361 558 Fiat.
398 502 549 557 Abscedite
561 503 641 556 hine:
660 521 710 557 nos
722 504 904 560 concedemus
916 507 985 563 huc.

279 573 335 629 Sed
347 573 458 628 brevem
471 575 618 628 orationem
629 573 773 644 incipesse.

207 645 311 701 Psilos.
330 643 417 698 Hem!
436 643 505 698 istuc
526 645 592 699 mihi
611 651 717 700 certum
736 653 803 701 erut
846 647 982 704 Concede

277 718 340 772 huc.

206 787 272 842 Lor.
431 786 515 841 Abite
528 784 561 838 ob
574 783 643 838 istis.

210 860 299 940 Qud.
681 855 799 912 Obnoxii
812 859 890 914 umbo
944 860 984 916 20

171 931 257 985 Vobis
278 946 371 985 sumus
391 933 499 998 propter
522 927 592 981 huno
613 943 689 994 rem;
713 943 801 997 quom,
821 946 880 999 que
902 930 981 985 voiu-

276 1017 336 1056 mus
348 1016 408 1066 nos,

171 1071 256 1142 Copiu
267 1078 327 1137 est3
345 1077 425 1138 utque
439 1084 473 1122 ee
484 1067 573 1122 fecitis
585 1084 634 1122 nos
646 1075 793 1140 compotes.

205 1141 310 1198 Philae.
327 1140 436 1194 Secede
448 1139 501 1194 hue
512 1156 585 1194 nune
600 1140 665 1210 jum,
677 1140 700 1194 si
713 1140 827 1210 videtur,
838 1144 951 1214 procul3

171 1215 200 1269 N
202 1233 217 1269 e
230 1213 322 1266 arbitri
334 1210 407 1264 dieto
418 1217 511 1265 nostru
523 1209 646 1263 arbitrari
658 1218 773 1280 queent;

171 1285 251 1340 Neve
299 1280 808 1350 rmenetpulumhaeonostrufsllecie.
942 1286 979 1342 25

171 1357 245 1411 Nem
275 1352 310 1407 oli
322 1370 377 1407 non
388 1352 444 1406 doli
456 1359 527 1418 sunt,
540 1352 592 1405 nisi
605 1359 666 1404 ustu
682 1353 765 1420 colus,

171 1427 229 1482 Sed
241 1424 340 1480 muium
351 1439 513 1490 maxumum,
525 1422 548 1474 si
560 1421 588 1474 id
600 1420 688 1491 pulum
706 1425 836 1493 provenit

172 1498 254 1566 Num,
265 1495 289 1552 si
308 1495 391 1550 herus
409 1492 475 1547 mihi
495 1509 526 1547 es
547 1499 585 1560 tu,
597 1499 677 1560 utque
696 1509 752 1566 ego
768 1513 811 1551 me
824 1505 901 1551 tuum
913 1514 978 1552 esse

277 1583 384 1624 servom
396 1563 532 1630 assimulo,

170 1629 278 1695 Temen
289 1638 347 1691 viso
367 1633 461 1705 opu’st,
479 1641 559 1689 cauto
569 1641 612 1690 est
623 1655 699 1710 opus,
712 1642 742 1690 ut
757 1636 808 1690 hoe
828 1637 928 1705 sobrie,
939 1637 978 1692 si-

276 1724 311 1762 ne
331 1722 366 1760 ue
380 1705 494 1772 arbitris,

171 1783 309 1836 Aeeurute
314 1725 373 1831 (ime
387 1782 492 1846 agatur,
504 1773 583 1830 docte
596 1784 625 1832 et
638 1778 791 1861 diligenter.
941 1779 980 1834 30

170 1852 261 1906 Tenis
273 1849 381 1914 inceptu
393 1862 438 1900 res
450 1852 510 1899 est:
528 1847 600 1902 houd
612 1849 791 1905 somniculose
805 1848 857 1903 hoe

170 1917 319 1993 Agendum
328 1922 379 1972 est.

291 2027 298 2043 .
421 1985 483 2054 nro,
495 1995 526 2043 ut
537 2006 581 2045 me
593 1991 669 2046 voles
680 2006 752 2046 esse.

206 2063 235 2119 P
251 2059 311 2116 iloe.
792 2061 887 2131 Spero.

207 2131 296 2206 synd
314 2128 387 2186 Num
399 2134 429 2182 tu
440 2145 511 2183 nunc
524 2129 609 2198 vides,
615 2147 668 2256 fro
679 2136 726 2186 tuo
738 2146 804 2186 curo
815 2133 914 2202 cupite,

170 2207 271 2263 cerum
282 2199 379 2258 offerre
395 2209 579 2272 meum'osput
590 2203 614 2256 vi
626 2201 693 2256 iuti.
874 2268 876 2274 Ι
1060 2201 1061 2264 i

204 2275 233 2330 P
232 2273 307 2328 hilm.
325 2271 399 2328 Scio·
1060 2303 1061 2337 i

208 2343 298 2419 Tyria.
438 2342 477 2395 At
487 2339 558 2396 scire
575 2348 719 2410 memento,
731 2340 837 2412 quondo
855 2341 891 2411 id,
902 2344 975 2412 quod

488 2411 572 2477 voles,
583 2411 703 2466 hebebis.
939 2415 976 2468 35

169 2487 244 2542 Nem
255 2483 314 2538 sere
326 2499 452 2538 maxuma
462 2499 523 2552 pers
534 2499 636 2538 morem
644 2483 717 2538 hune
726 2481 848 2538 homines
857 2482 975 2540 hebent:

275 2554 346 2624 quod
358 2554 409 2608 sibi
421 2552 521 2620 volunt,

168 2629 242 2686 Dum
253 2625 281 2681 id
295 2625 447 2694 impetrent,
459 2623 522 2678 boni
542 2630 622 2692 sunt;
639 2625 697 2692 sed,
709 2623 737 2678 id
749 2623 796 2679 ubi
809 2625 867 2696 jum
887 2641 974 2694 penes

274 2711 337 2750 sese
350 2695 459 2758 hebent,
1059 2721 1060 2774 γ

168 2769 211 2826 Ex
222 2767 302 2824 bonis
314 2764 433 2836 pessumi
445 2770 473 2820 et
485 2762 734 2822 fraudulentissimi

168 2842 247 2896 Sunt
284 2835 375 2903 Nune,
386 2841 415 2889 ut
426 2841 453 2890 te
466 2833 531 2888 mihi
542 2835 604 2889 volo
615 2853 686 2902 esse,
697 2852 760 2890 esse
773 2841 891 2890 autumo.

168 2909 253 2975 Quod
264 2906 314 2963 tibi
327 2905 464 2971 suudesm,
476 2902 606 2958 suadeam
618 2923 679 2960 meo
690 2905 767 2974 pstri.
937 2909 973 2962 40

203 2977 307 3037 Ptine.
325 2973 383 3042 Pol,
396 2990 450 3044 ego
461 2981 499 3040 te,
506 2972 529 3026 si
538 2973 662 3042 sudeam,
673 2991 763 3028 meum
774 2981 878 3043 putrem
888 2979 973 3032 nomi·

275 3063 337 3106 nem
346 3063 354 3099 2
