2150 3410
165 229 201 286 48
447 229 661 290 cAPnnivul.
680 235 714 290 V.
732 235 757 290 3.

202 372 272 444 Heg.
290 374 385 454 Atnee
406 369 599 445 subterfugere
624 375 693 444 potis
711 392 743 431 es
761 394 858 447 peuce,
876 381 900 435 si
919 399 978 437 non

202 459 378 568 Siodoffdiidi
391 513 528 585 effugium,
537 515 610 569 scio:
624 532 688 571 nem
697 519 782 574 multo
794 520 932 592 evenient,
945 529 975 578 et

272 584 369 638 merito
381 601 451 651 meo,

167 653 242 716 Quin
254 659 283 708 et
293 653 364 739 ffigi’.
374 661 403 708 ot
413 654 462 738 tihi
473 655 590 725 surripui
601 655 697 722 filium,
709 666 738 714 et
750 676 812 715 eum
824 661 946 718 vendidi.

203 723 245 780 He
266 763 273 778 .
291 725 367 788 Quos
385 725 503 793 homini?
1056 775 1057 792 1

200 742 269 850 sud
524 794 742 854 Theodoromedi
754 801 783 854 in
795 803 877 859 Alide
890 802 972 874 Poly-

563 866 650 937 plusio
936 876 973 930 20

408 1007 462 1063 Pro
472 1006 517 1062 Dii
529 1006 708 1066 immortales!
727 1011 751 1066 is
769 1013 879 1082 quidem
890 1015 980 1088 hujus.

212 1149 217 1162 .
307 1148 313 1160 Ι
445 1085 578 1147 estpoter

167 1149 415 1281 PhdidiimQuin
428 1218 523 1274 melius
536 1221 605 1288 novi,
619 1237 698 1290 quom
709 1229 746 1291 te,
756 1232 785 1278 et
796 1224 850 1281 vidi
862 1229 969 1297 sepius.

201 1289 272 1361 Hog.
285 1287 508 1372 Somniuppiter
516 1307 650 1360 supreme,
662 1299 691 1348 et
702 1311 745 1350 me
759 1303 788 1348 et
799 1313 890 1352 meum
902 1315 969 1369 gno·

164 1361 489 1502 Pffloeffiffimum
501 1437 529 1486 te
538 1432 649 1504 genium
658 1434 781 1504 obsecro,
790 1437 850 1492 exi:
863 1444 892 1494 ie
901 1440 969 1498 volo.

296 1639 458 1696 Aenus
485 1641 526 1695 V.
571 1642 734 1700 scuNA
762 1646 835 1703 111.

269 1777 491 1834 Puinucnsnns.
526 1779 630 1836 Hneio.
673 1783 862 1843 Snunuunus.

198 1918 301 1976 Philon
319 1918 421 1991 Hegio,
433 1935 540 1974 ussum:
560 1921 658 1991 siquid
671 1939 714 1978 me
726 1925 775 1994 vis,
787 1928 898 1998 impero.

198 1992 268 2062 Heg.
684 1994 738 2048 Hie
751 2006 864 2067 gnatum
876 2017 966 2059 meum

161 2061 224 2118 Tuo
235 2061 305 2131 putri
318 2060 356 2115 sii
366 2077 397 2114 se
410 2060 564 2116 vendidisse
576 2077 627 2116 sex
639 2063 717 2119 minis
730 2067 758 2121 in
771 2068 861 2124 Alide.

197 2131 300 2190 Philoc.
319 2131 456 2194 Quamdiu
468 2132 497 2186 id
509 2131 610 2188 fectum
622 2137 684 2188 est?

198 2202 266 2257 Siai.
539 2203 594 2259 Hie
607 2221 694 2260 onnus
707 2205 802 2278 incipit
812 2213 963 2270 vicesimus.

196 2274 302 2330 Philoo.
320 2271 553 2329 Falsumsmorot.
664 2275 666 2283 '

197 2344 263 2399 siai.
579 2347 636 2401 Aut
649 2362 711 2417 ego,
724 2355 771 2403 eut
783 2357 827 2406 tu:
840 2370 904 2410 nam
916 2357 963 2412 tibi

621 2416 816 2487 quadrimulum

160 2485 238 2542 Tuus
268 2491 329 2540 uter
339 2486 505 2557 peculiarem
516 2486 653 2558 parvolum
665 2505 748 2556 puero
758 2490 841 2548 dedit.
944 2497 962 2550 5

195 2555 252 2614 Ph'
266 2595 299 2681 d.
315 2557 393 2620 Quid
406 2564 467 2612 eret
479 2558 506 2612 ei
519 2561 636 2614 nomeu?
647 2559 672 2612 si
683 2559 834 2632 veredicis,
845 2581 962 2622 memoro

283 2643 330 2681 nm
342 2629 416 2682 mihi.

194 2695 420 2820 SioLdPoeguium
431 2697 601 2752 vocitatu’et:
614 2707 729 2770 postvos
740 2702 876 2762 indidistis
887 2706 960 2781 Tyn·

283 2783 339 2822 uro.

195 2835 299 2891 Phuoc.
317 2837 373 2890 Cur
385 2853 440 2907 ego
452 2844 480 2891 te
493 2852 547 2892 non
559 2839 643 2894 novi?

195 2907 262 2964 siai.
458 2906 534 2967 Quis
545 2925 602 2961 mos
615 2917 658 2962 et
669 2910 791 2968 oblivisci
802 2913 958 2989 hominibus,

158 2979 258 3047 Neque
270 2973 386 3039 novisse,
398 2975 493 3053 quujus
505 2975 571 3029 nihil
582 2977 618 3030 sit
630 2977 759 3034 faciundo
770 2986 869 3052 gratio.

193 3047 296 3106 Philae.
313 3043 370 3100 Dio
382 3041 463 3094 mihi:
482 3059 541 3098 isne
559 3045 620 3100 istie
642 3046 700 3114 suit,
719 3065 798 3117 quom
816 3056 958 3114 vendidisti

263 3131 325 3172 [ΩΘΟ
336 3110 414 3184 pmii
