2150 3410
124 127 159 184 24
364 125 578 184 CAPTEIVEI.
595 127 645 182 111.
665 127 688 180 1.

124 269 170 324 Tu
181 267 232 322 hoc
246 283 316 338 age:
334 274 364 322 tu
375 267 442 322 mihi
462 265 545 322 herus
566 284 638 322 nunc
651 283 690 335 es,
706 273 735 321 tu
751 273 890 337 patronus,
901 273 934 326 tu

251 346 325 391 ater:

125 411 187 465 Tibi
202 357 361 463 colmmendo
373 424 436 477 spes
449 425 568 477 opesque
581 425 665 463 meas.

161 481 263 536 Philoc.
617 477 780 532 Mandavisti
793 479 869 533 eatis.
896 480 934 534 85

126 552 220 608 Sati’n'
233 551 326 617 habes,
338 548 467 603 mandate
479 567 536 619 quae
550 557 621 616 sunt,
634 549 707 603 fecta
719 549 743 602 si
755 549 862 604 1efer0?

164 621 251 692 Tynd.
851 620 934 675 Satis.

160 691 263 748 Philae.
282 689 318 743 Et
337 698 391 758 tua,
412 697 440 744 et
460 697 515 759 tue,
534 691 587 746 huc
609 697 718 745 ornatus
739 691 878 746 reveniam
897 708 936 746 ex

233 765 377 816 sententie.

127 832 266 900 Numquid
279 833 371 887 aliud?

164 903 252 976 TymL
399 903 446 971 Ut,
458 903 649 973 quamprimum
663 903 758 973 possis,
772 903 880 956 redeas.

162 976 266 1030 Philon.
761 973 820 1028 Res
834 978 938 1027 monet.

162 1047 232 1117 Heg.
252 1047 374 1169 {equore
388 1062 439 1112 me,
448 1045 575 1100 viaticum
586 1053 616 1100 ut
625 1045 686 1100 dem
699 1045 762 1099 hinc
775 1063 791 1098 a
803 1043 940 1114 trapezita

234 1117 253 1170 ti
274 1117 297 1168 i:

128 1187 232 1242 Eadem
245 1203 328 1256 opere
341 1204 357 1239 a
369 1192 482 1256 praetore
496 1204 599 1242 sumam
612 1186 804 1258 syngraphum.

165 1257 253 1382 Qud.
559 1259 652 1321 Quem
664 1257 870 1328 syngraphum?
899 1257 940 1312 90

195 1345 235 1399 eg.
254 1327 345 1388 Quem
359 1328 403 1381 hic
417 1327 486 1380 seret
498 1344 592 1382 secum
612 1329 647 1383 ad
660 1328 807 1400 legionem,
818 1327 882 1382 hine
895 1327 940 1382 ire

235 1399 307 1452 hune
321 1405 350 1452 ut
361 1399 444 1452 liceat
456 1397 573 1452 domum.

130 1470 174 1524 Tu
188 1469 258 1524 intro
271 1469 322 1523 abi.

211 1541 257 1594 nd.
328 1539 404 1594 Bene
417 1537 560 1593 ambulem.

165 1611 193 1665 P
211 1611 270 1665 iloc.
552 1609 628 1665 Bene
641 1608 711 1664 vale.

166 1681 236 1751 Heg.
658 1679 772 1751 Edepol,
781 1697 839 1735 rem
848 1697 941 1736 meum

131 1749 316 1816 constabilivi,
329 1766 407 1817 quom
420 1748 480 1802 illos
493 1749 547 1803 emi
560 1749 593 1804 de
626 1750 699 1804 raede
711 1769 728 1804 a
739 1752 925 1820 quaestoribus.

132 1821 264 1892 Expedivi
277 1837 312 1872 ex
325 1819 455 1873 servitute
469 1819 562 1886 filium,
572 1822 595 1874 si
636 1823 668 1876 iis
680 1822 778 1891 placet.

132 1895 171 1947 At
195 1891 275 1946 etiam
300 1887 428 1956 dubitavi,
452 1891 501 1945 hos
526 1892 648 1947 homines
673 1909 803 1960 emerem,
824 1909 859 1946 en
882 1909 939 1946 non

238 1978 365 2026 emerem,
378 1960 432 2015 diu.
901 1963 941 2016 95

133 2034 247 2088 Servate
260 2033 340 2086 istum
354 2031 431 2086 sultis
445 2032 526 2100 intus,
539 2033 627 2088 servi:
647 2050 681 2087 ne
695 2049 827 2104 ‹moquem
838 2033 939 2104 pedem

133 2105 239 2160 Efferat
250 2103 309 2158 sine
322 2102 443 2157 custode.
480 2103 541 2174 Ego
553 2105 687 2174 apparebo
699 2104 779 2172 domi,

133 2175 177 2230 Ad
191 2174 300 2229 fratrem
314 2173 392 2227 modo
405 2175 544 2243 eapteivos
558 2174 624 2228 alios
633 2174 719 2230 inviso
731 2192 814 2229 meos.

134 2246 243 2302 Eadem
263 2243 450 2314 percontabor,
464 2243 556 2313 ecquis
577 2245 649 2299 hunc
668 2246 872 2301 adolescentem
889 2261 938 2300 no·

238 2317 315 2370 verit.

134 2387 255 2458 Sequere
272 2394 314 2509 ltu,
332 2393 361 2440 te
380 2391 411 2440 ut
428 2384 563 2440 amittam:
581 2384 608 2440 ei
625 2385 665 2441 rei
682 2386 796 2456 primum
813 2387 940 2512 1)vaae

238 2475 271 2511 vo
283 2473 307 2510 0.

276 2665 438 2723 Ac'rvs
464 2669 540 2724 ΙΙῙ.
585 2669 746 2726 SCENA
773 2671 801 2726 1.

446 2809 626 2864 Eumenes.

137 2949 224 3009 Miser
235 2949 314 3005 homo
327 2952 376 3012 est,
389 2947 433 3014 qui
445 2947 503 3015 ipse
516 2945 575 3014 sihi,
588 2947 658 3015 quod
679 2947 745 3014 edit,
757 2947 860 3016 querit,
872 2955 902 3003 et
912 2949 938 3004 id

242 3035 316 3094 egre
327 3016 447 3076 invenitt
