2150 3410
337 181 551 239 CAPTEIVEI.
570 183 606 239 ΙΙ.
625 185 649 238 1.
862 187 896 243 13

79 321 227 392 Numquid
238 324 279 378 vis
289 325 299 376 ?

118 395 194 465 Heg.
335 394 439 448 Venias
451 397 572 466 tempori.

117 466 194 537 Erg.
598 465 748 521 Memorem
761 484 864 524 mones.

120 535 195 606 Heg.
213 537 261 589 Ibo
274 537 352 600 intro,
364 543 444 604 etque
458 538 528 590 intus
541 538 687 591 subducam
706 540 894 608 ratiunculam,

80 605 259 667 Quantiilum
273 608 380 676 argenti
398 607 461 660 mihi
474 627 487 662 o
491 607 543 678 pud
557 608 713 678 trapezitam
725 610 787 665 siet.

80 677 130 730 Ad
145 675 263 746 fratrem,
275 695 328 748 quo
340 680 379 732 ire
392 677 520 747 dixeram,
532 697 595 733 mox
606 681 689 734 ivero.
859 683 894 738 85

247 888 403 944 ACTUS
430 889 481 943 11.
526 887 687 943 SCENA
711 889 741 944 1.

187 1028 325 1084 Lorrrrrr.
361 1012 584 1086 Pnroocru'ros.
620 1027 794 1082 Trrmnus.

23 1201 24 1204 =
120 1169 188 1225 Lor.
207 1170 238 1223 si
249 1169 299 1224 Dii
310 1169 475 1224 immortales
487 1168 515 1224 id
526 1169 645 1237 voluere,
663 1187 711 1223 vos
732 1170 803 1224 hono
823 1187 893 1226 oeru·

195 1258 285 1310 mnam
299 1258 420 1310 exsequi,

84 1311 183 1368 Decet
200 1311 227 1365 id
246 1311 302 1381 poti
321 1313 411 1366 animo
428 1327 520 1380 aequo:
539 1312 563 1366 si
582 1311 610 1365 id
628 1309 743 1378 societis,
755 1311 841 1366 levior
852 1313 892 1367 lo·

193 1383 242 1436 bos
255 1383 315 1436 erit.

86 1453 170 1507 Domi
182 1451 281 1518 fuimis,
296 1451 385 1518 oredo,
399 1451 494 1506 liberi:

87 1523 172 1577 Nunc
192 1524 307 1577 servitus
326 1523 349 1576 si
369 1523 467 1590 evenit,
480 1523 507 1577 ei
522 1541 570 1578 vos
590 1523 751 1592 morigerari
769 1539 827 1576 mos
845 1523 892 1576 bo·

195 1595 273 1660 nu'st,

87 1663 214 1732 Eamque
235 1663 312 1718 herili
335 1663 447 1734 imperio
467 1663 585 1736 ingeniis
606 1663 704 1718 vostris
721 1663 813 1718 lenem
830 1663 893 1718 red·

196 1735 270 1789 dere.
877 1737 895 1789 5

87 1805 204 1874 Indigno
215 1805 299 1878 digno
310 1805 436 1860 habendo
447 1811 518 1872 sunt,
529 1804 610 1860 herus
623 1822 681 1875 quae
695 1806 769 1861 facit.

124 1876 228 1931 Philoc.
738 1877 782 1932 Oh
794 1877 829 1930 oh
842 1877 892 1930 oh!

123 1947 189 2003 Lor.
218 1947 369 2016 Ejulotione
395 1947 467 2001 haud
488 1948 588 2018 opu'st:
607 1950 694 2003 oculis
711 1949 823 2003 multam
843 1950 893 2002 mi·

195 2017 293 2071 seriem
306 2017 412 2071 additis.
873 2041 876 2052 =

89 2086 122 2141 ln
134 2102 164 2141 re
177 2088 247 2141 mola
260 2089 348 2142 animo
360 2090 383 2142 si
395 2089 466 2142 bono
478 2095 565 2156 utare,
578 2089 693 2160 adjuvor.

125 2157 229 2212 Philoo.
247 2165 287 2214 At
298 2176 348 2212 nos
361 2160 452 2229 pudet,
465 2159 527 2227 quio
538 2175 600 2213 curn
613 2160 717 2214 cetenis
729 2175 831 2214 sumus.

125 2227 189 2282 Lor.
646 2233 684 2285 At
694 2233 789 2302 pigeat
799 2236 917 2302 posteo,

89 2297 220 2354 Nostrum
232 2298 338 2365 herum}
347 2299 371 2353 si
382 2317 430 2353 vos
442 2299 544 2356 eximet
560 2301 684 2369 vinculis,
861 2303 894 2356 10

90 2371 149 2423 Aut
160 2369 260 2424 solutos
273 2371 351 2436 rinot,
363 2387 429 2440 quos
442 2379 558 2442 urgento
571 2372 675 2426 emerit.

126 2438 227 2493 Philoo.
246 2441 320 2502 Quid
330 2459 352 2494 o
363 2442 441 2495 nobis
451 2443 566 2496 metuit?
584 2443 685 2495 scimus
697 2457 755 2508 noo,

90 2509 220 2566 Nostrum
233 2511 348 2566 offioium
360 2513 431 2582 quod
444 2518 496 2579 est,
508 2513 531 2566 oi
543 2512 644 2568 solutos
657 2513 736 2566 sinor„

125 2581 189 2636 Dor.
208 2584 247 2638 At
259 2582 353 2653 fugem
365 2582 477 2654 fingitis.
514 2585 608 2637 Sentio
621 2600 700 2652 quom
711 2599 770 2638 rem
781 2583 874 2655 agitis.

123 2651 225 2707 Philoc.
244 2652 304 2707 Nos
317 2653 472 2724 fugiamus?
491 2671 543 2723 quo
555 2654 713 2726 fugiemus?

125 2723 188 2776 Lor.
330 2724 361 2778 In
374 2725 496 2793 patriam.

76 2805 79 2814 ·
124 2793 225 2847 Philoo.
438 2796 551 2866 Apage!
565 2796 637 2851 houd
647 2813 696 2850 nos
706 2797 733 2852 id
744 2796 842 2851 deoeot
861 2796 895 2850 15

94 2863 231 2988 Frrffltivos
242 2865 350 2919 imitari.

167 2954 188 2989 r.
431 2937 525 3004 Immo,
545 2937 650 3007 edepol,
665 2939 688 2992 si
708 2938 760 2994 erit
778 2935 895 3002 occasio,

462 3007 535 3060 houd
548 3008 684 3064 dehortor.

125 3075 226 3131 Philon.
245 3077 338 3132 Unum
350 3093 464 3201 egorore
476 3094 525 3132 vos
536 3077 617 3134 sinite
630 3093 688 3131 nos.
