<?xml version="1.0" encoding="UTF-8"?>
<!DOCTYPE html PUBLIC "-//W3C//DTD XHTML 1.0 Transitional//EN"
    "http://www.w3.org/TR/xhtml1/DTD/xhtml1-transitional.dtd">
<html xmlns="http://www.w3.org/1999/xhtml" xml:lang="en" lang="en">
 <head>
  <title>
</title>
<meta http-equiv="Content-Type" content="text/html;charset=utf-8" />
  <meta name='ocr-system' content='tesseract 3.04.00' />
  <meta name='ocr-capabilities' content='ocr_page ocr_carea ocr_par ocr_line ocrx_word'/>
</head>
<body>
  <div class='ocr_page' id='page_1' title='image "./macciiplauticap01plaugoog/macciiplauticap01plaugoog_0058.png"; bbox 0 0 2150 3410; ppageno 0'>
   <div class='ocr_carea' id='block_1_1' title="bbox 361 175 917 238">
    <p class='ocr_par' dir='ltr' id='par_1_1' title="bbox 361 175 917 238">
     <span class='ocr_line' id='line_1_1' title="bbox 361 175 917 238; baseline 0.011 -6"><span class='ocrx_word' id='word_1_1' title='bbox 361 175 575 232; x_wconf 80' lang='lat' dir='ltr'>CAPTEIVEI.</span> <span class='ocrx_word' id='word_1_2' title='bbox 594 177 629 231; x_wconf 88' lang='lat' dir='ltr'><strong>V.</strong></span> <span class='ocrx_word' id='word_1_3' title='bbox 645 177 672 231; x_wconf 84' lang='grc'><strong>4.</strong></span> <span class='ocrx_word' id='word_1_4' title='bbox 883 185 917 238; x_wconf 87' lang='grc'><strong>51</strong></span> 
     </span>
    </p>
   </div>
   <div class='ocr_carea' id='block_1_2' title="bbox 119 318 921 532">
    <p class='ocr_par' dir='ltr' id='par_1_2' title="bbox 119 318 921 532">
     <span class='ocr_line' id='line_1_2' title="bbox 151 318 921 403; baseline 0.001 -28"><span class='ocrx_word' id='word_1_5' title='bbox 151 319 260 403; x_wconf 76' lang='grc' dir='ltr'><strong>ΡΙιιἸοο.Ι</strong></span> <span class='ocrx_word' id='word_1_6' title='bbox 379 318 569 390; x_wconf 82' lang='lat' dir='ltr'><strong>Compedibus,</strong></span> <span class='ocrx_word' id='word_1_7' title='bbox 581 335 680 388; x_wconf 80' lang='lat' dir='ltr'><strong>quoeso,</strong></span> <span class='ocrx_word' id='word_1_8' title='bbox 692 326 723 374; x_wconf 87' lang='lat' dir='ltr'><strong>ut</strong></span> <span class='ocrx_word' id='word_1_9' title='bbox 731 321 780 375; x_wconf 87' lang='lat' dir='ltr'><strong>tibi</strong></span> <span class='ocrx_word' id='word_1_10' title='bbox 788 321 825 376; x_wconf 90' lang='lat' dir='ltr'><strong>sit</strong></span> <span class='ocrx_word' id='word_1_11' title='bbox 836 320 921 378; x_wconf 83' lang='lat' dir='ltr'><strong>levior</strong></span> 
     </span>
     <span class='ocr_line' id='line_1_3' title="bbox 119 391 498 532; baseline -0.003 -16"><span class='ocrx_word' id='word_1_12' title='bbox 119 463 209 528; x_wconf 85' lang='lat' dir='ltr'>Atque</span> <span class='ocrx_word' id='word_1_13' title='bbox 222 391 386 532; x_wconf 49' lang='grc' dir='ltr'><strong>ξίιὲυὲἷανὶοτ</strong></span> <span class='ocrx_word' id='word_1_14' title='bbox 398 477 498 516; x_wconf 85' lang='lat' dir='ltr'>servos.</span> 
     </span>
    </p>
   </div>
   <div class='ocr_carea' id='block_1_3' title="bbox 48 525 1010 603">
    <p class='ocr_par' dir='ltr' id='par_1_3' title="bbox 48 525 1010 603">
     <span class='ocr_line' id='line_1_4' title="bbox 48 525 1010 603; baseline 0.005 -19"><span class='ocrx_word' id='word_1_15' title='bbox 48 579 50 584; x_wconf 80' lang='grc'>,</span> <span class='ocrx_word' id='word_1_16' title='bbox 154 532 224 602; x_wconf 83' lang='lat' dir='ltr'><em>Heg.</em></span> <span class='ocrx_word' id='word_1_17' title='bbox 365 533 476 587; x_wconf 79' lang='lat' dir='ltr'><strong>Certum</strong></span> <span class='ocrx_word' id='word_1_18' title='bbox 488 539 532 586; x_wconf 85' lang='lat' dir='ltr'><strong>est</strong></span> <span class='ocrx_word' id='word_1_19' title='bbox 544 529 703 602; x_wconf 83' lang='lat' dir='ltr'><strong>principium</strong></span> <span class='ocrx_word' id='word_1_20' title='bbox 716 532 742 587; x_wconf 90' lang='lat' dir='ltr'><strong>id</strong></span> <span class='ocrx_word' id='word_1_21' title='bbox 757 532 919 603; x_wconf 79' lang='lat' dir='ltr'><strong>praevortier.</strong></span> <span class='ocrx_word' id='word_1_22' title='bbox 1007 525 1010 532; x_wconf 48' lang='lat'>¹</span> 
     </span>
    </p>
   </div>
   <div class='ocr_carea' id='block_1_4' title="bbox 117 601 921 676">
    <p class='ocr_par' dir='ltr' id='par_1_4' title="bbox 117 601 921 676">
     <span class='ocr_line' id='line_1_5' title="bbox 117 601 921 676; baseline 0.004 -20"><span class='ocrx_word' id='word_1_23' title='bbox 117 603 220 656; x_wconf 81' lang='lat' dir='ltr'><strong>Eamus</strong></span> <span class='ocrx_word' id='word_1_24' title='bbox 241 601 319 666; x_wconf 89' lang='lat' dir='ltr'><strong>intro,</strong></span> <span class='ocrx_word' id='word_1_25' title='bbox 346 612 376 656; x_wconf 87' lang='lat' dir='ltr'><strong>ut</strong></span> <span class='ocrx_word' id='word_1_26' title='bbox 399 609 556 658; x_wconf 73' lang='lat' dir='ltr'>arcessatur</span> <span class='ocrx_word' id='word_1_27' title='bbox 576 603 661 670; x_wconf 78' lang='lat' dir='ltr'><strong>faber,</strong></span> <span class='ocrx_word' id='word_1_28' title='bbox 678 612 709 656; x_wconf 87' lang='lat' dir='ltr'><strong>ut</strong></span> <span class='ocrx_word' id='word_1_29' title='bbox 729 605 795 660; x_wconf 86' lang='lat' dir='ltr'><strong>istus</strong></span> <span class='ocrx_word' id='word_1_30' title='bbox 813 622 921 676; x_wconf 87' lang='lat' dir='ltr'><strong>compe-</strong></span> 
     </span>
    </p>
   </div>
   <div class='ocr_carea' id='block_1_5' title="bbox 117 671 921 810">
    <p class='ocr_par' dir='ltr' id='par_1_5' title="bbox 117 671 921 810">
     <span class='ocr_line' id='line_1_6' title="bbox 224 671 921 731; baseline 0.01 -7"><span class='ocrx_word' id='word_1_31' title='bbox 224 671 274 725; x_wconf 86' lang='lat' dir='ltr'><strong>des</strong></span> <span class='ocrx_word' id='word_1_32' title='bbox 885 677 921 731; x_wconf 87' lang='grc'><strong>30</strong></span> 
     </span>
     <span class='ocr_line' id='line_1_7' title="bbox 117 742 473 810; baseline 0.006 -13"><span class='ocrx_word' id='word_1_33' title='bbox 117 743 181 797; x_wconf 85' lang='lat' dir='ltr'>Tibi</span> <span class='ocrx_word' id='word_1_34' title='bbox 195 742 316 810; x_wconf 82' lang='lat' dir='ltr'><strong>udimcm,</strong></span> <span class='ocrx_word' id='word_1_35' title='bbox 328 742 389 800; x_wconf 88' lang='lat' dir='ltr'><strong>huic</strong></span> <span class='ocrx_word' id='word_1_36' title='bbox 403 743 473 799; x_wconf 89' lang='lat' dir='ltr'><strong>dem.</strong></span> 
     </span>
    </p>
   </div>
   <div class='ocr_carea' id='block_1_6' title="bbox 155 813 921 884">
    <p class='ocr_par' dir='ltr' id='par_1_6' title="bbox 155 813 921 884">
     <span class='ocr_line' id='line_1_8' title="bbox 155 813 921 884; baseline 0.01 -18"><span class='ocrx_word' id='word_1_37' title='bbox 155 813 223 867; x_wconf 69' lang='lat' dir='ltr'><strong>sum.</strong></span> <span class='ocrx_word' id='word_1_38' title='bbox 396 813 470 875; x_wconf 86' lang='lat' dir='ltr'><strong>Quoi</strong></span> <span class='ocrx_word' id='word_1_39' title='bbox 482 815 713 884; x_wconf 81' lang='lat' dir='ltr'><strong>peculinihilest,</strong></span> <span class='ocrx_word' id='word_1_40' title='bbox 727 825 802 871; x_wconf 85' lang='lat' dir='ltr'><strong>recte</strong></span> <span class='ocrx_word' id='word_1_41' title='bbox 813 816 921 874; x_wconf 86' lang='lat' dir='ltr'><strong>feceris.</strong></span> 
     </span>
    </p>
   </div>
   <div class='ocr_carea' id='block_1_7' title="bbox 465 1027 579 1083">
    <p class='ocr_par' dir='ltr' id='par_1_7' title="bbox 465 1027 579 1083">
     <span class='ocr_line' id='line_1_9' title="bbox 465 1027 579 1083; baseline 0.018 -2"><span class='ocrx_word' id='word_1_42' title='bbox 465 1027 579 1083; x_wconf 83' lang='lat' dir='ltr'><strong>GREX.</strong></span> 
     </span>
    </p>
   </div>
   <div class='ocr_carea' id='block_1_8' title="bbox 123 1168 924 1449">
    <p class='ocr_par' dir='ltr' id='par_1_8' title="bbox 123 1168 924 1310">
     <span class='ocr_line' id='line_1_10' title="bbox 123 1168 896 1238; baseline 0.001 -15"><span class='ocrx_word' id='word_1_43' title='bbox 123 1169 143 1223; x_wconf 83' lang='lat' dir='ltr'>S</span> <span class='ocrx_word' id='word_1_44' title='bbox 162 1175 305 1232; x_wconf 84' lang='lat' dir='ltr'><strong>ectutores,</strong></span> <span class='ocrx_word' id='word_1_45' title='bbox 319 1168 353 1223; x_wconf 82' lang='lat' dir='ltr'><strong>ud</strong></span> <span class='ocrx_word' id='word_1_46' title='bbox 365 1168 476 1238; x_wconf 88' lang='lat' dir='ltr'><strong>pudicos</strong></span> <span class='ocrx_word' id='word_1_47' title='bbox 488 1186 576 1223; x_wconf 88' lang='lat' dir='ltr'>mores</span> <span class='ocrx_word' id='word_1_48' title='bbox 588 1169 660 1224; x_wconf 75' lang='lat' dir='ltr'><strong>factu</strong></span> <span class='ocrx_word' id='word_1_49' title='bbox 672 1169 730 1224; x_wconf 78' lang='lat' dir='ltr'><strong>hoec</strong></span> <span class='ocrx_word' id='word_1_50' title='bbox 743 1170 834 1224; x_wconf 75' lang='lat' dir='ltr'><strong>subula</strong></span> <span class='ocrx_word' id='word_1_51' title='bbox 846 1177 896 1226; x_wconf 72' lang='lat' dir='ltr'><strong>est.</strong></span> 
     </span>
     <span class='ocr_line' id='line_1_11' title="bbox 153 1239 924 1310; baseline 0.001 -16"><span class='ocrx_word' id='word_1_52' title='bbox 153 1256 221 1308; x_wconf 87' lang='lat' dir='ltr'>eque</span> <span class='ocrx_word' id='word_1_53' title='bbox 235 1242 264 1294; x_wconf 91' lang='lat' dir='ltr'><strong>in</strong></span> <span class='ocrx_word' id='word_1_54' title='bbox 276 1242 327 1294; x_wconf 80' lang='lat' dir='ltr'><strong>huc</strong></span> <span class='ocrx_word' id='word_1_55' title='bbox 341 1239 554 1310; x_wconf 85' lang='lat' dir='ltr'><strong>subugitutioncs</strong></span> <span class='ocrx_word' id='word_1_56' title='bbox 567 1247 637 1308; x_wconf 82' lang='lat' dir='ltr'>sunt,</span> <span class='ocrx_word' id='word_1_57' title='bbox 650 1257 736 1309; x_wconf 86' lang='lat' dir='ltr'><strong>neque</strong></span> <span class='ocrx_word' id='word_1_58' title='bbox 752 1241 805 1295; x_wconf 82' lang='lat' dir='ltr'><strong>ullu</strong></span> <span class='ocrx_word' id='word_1_59' title='bbox 817 1241 924 1310; x_wconf 80' lang='lat' dir='ltr'><strong>amatio,</strong></span> 
     </span>
    </p>

    <p class='ocr_par' dir='ltr' id='par_1_9' title="bbox 124 1310 851 1382">
     <span class='ocr_line' id='line_1_12' title="bbox 124 1310 851 1382; baseline 0.001 -19"><span class='ocrx_word' id='word_1_60' title='bbox 124 1310 186 1364; x_wconf 87' lang='lat' dir='ltr'><strong>Nec</strong></span> <span class='ocrx_word' id='word_1_61' title='bbox 198 1312 272 1380; x_wconf 80' lang='lat' dir='ltr'><strong>pueri</strong></span> <span class='ocrx_word' id='word_1_62' title='bbox 286 1311 442 1380; x_wconf 85' lang='lat' dir='ltr'>suppositio,</span> <span class='ocrx_word' id='word_1_63' title='bbox 455 1327 506 1363; x_wconf 87' lang='lat' dir='ltr'><strong>uec</strong></span> <span class='ocrx_word' id='word_1_64' title='bbox 519 1313 626 1382; x_wconf 82' lang='lat' dir='ltr'><strong>argenti</strong></span> <span class='ocrx_word' id='word_1_65' title='bbox 638 1311 832 1366; x_wconf 84' lang='lat' dir='ltr'><strong>circumductio</strong></span> <span class='ocrx_word' id='word_1_66' title='bbox 845 1331 851 1364; x_wconf 75' lang='grc' dir='ltr'><strong>ε</strong></span> 
     </span>
    </p>

    <p class='ocr_par' dir='ltr' id='par_1_10' title="bbox 124 1379 924 1449">
     <span class='ocr_line' id='line_1_13' title="bbox 124 1379 924 1449; baseline 0.003 -15"><span class='ocrx_word' id='word_1_67' title='bbox 124 1379 223 1449; x_wconf 79' lang='lat' dir='ltr'><strong>Neque</strong></span> <span class='ocrx_word' id='word_1_68' title='bbox 244 1383 289 1435; x_wconf 93' lang='lat' dir='ltr'><strong>ubi</strong></span> <span class='ocrx_word' id='word_1_69' title='bbox 308 1399 401 1435; x_wconf 83' lang='lat' dir='ltr'>amans</span> <span class='ocrx_word' id='word_1_70' title='bbox 422 1381 583 1436; x_wconf 79' lang='lat' dir='ltr'>adolescens</span> <span class='ocrx_word' id='word_1_71' title='bbox 604 1389 722 1436; x_wconf 82' lang='lat' dir='ltr'><strong>scortum</strong></span> <span class='ocrx_word' id='word_1_72' title='bbox 738 1381 837 1437; x_wconf 82' lang='lat' dir='ltr'><strong>liberet</strong></span> <span class='ocrx_word' id='word_1_73' title='bbox 854 1381 924 1436; x_wconf 81' lang='lat' dir='ltr'><strong>clam</strong></span> 
     </span>
    </p>
   </div>
   <div class='ocr_carea' id='block_1_9' title="bbox 231 1452 1037 1522">
    <p class='ocr_par' dir='ltr' id='par_1_11' title="bbox 231 1452 1037 1522">
     <span class='ocr_line' id='line_1_14' title="bbox 231 1452 1037 1522; baseline 0.002 -17"><span class='ocrx_word' id='word_1_74' title='bbox 231 1459 335 1522; x_wconf 86' lang='lat' dir='ltr'><strong>putrem</strong></span> <span class='ocrx_word' id='word_1_75' title='bbox 348 1469 434 1506; x_wconf 87' lang='lat' dir='ltr'><strong>suum.</strong></span> <span class='ocrx_word' id='word_1_76' title='bbox 889 1453 927 1507; x_wconf 87' lang='grc'><strong>35</strong></span> <span class='ocrx_word' id='word_1_77' title='bbox 1036 1452 1037 1455; x_wconf 68' lang='grc'>’</span> 
     </span>
    </p>
   </div>
   <div class='ocr_carea' id='block_1_10' title="bbox 125 1521 927 1878">
    <p class='ocr_par' dir='ltr' id='par_1_12' title="bbox 125 1521 812 1592">
     <span class='ocr_line' id='line_1_15' title="bbox 125 1521 812 1592; baseline 0.003 -18"><span class='ocrx_word' id='word_1_78' title='bbox 125 1521 286 1592; x_wconf 83' lang='lat' dir='ltr'><strong>Hujusmodi</strong></span> <span class='ocrx_word' id='word_1_79' title='bbox 298 1540 398 1592; x_wconf 81' lang='lat' dir='ltr'><strong>paucus</strong></span> <span class='ocrx_word' id='word_1_80' title='bbox 411 1529 496 1592; x_wconf 71' lang='lat' dir='ltr'>poetae</span> <span class='ocrx_word' id='word_1_81' title='bbox 508 1523 647 1590; x_wconf 86' lang='lat' dir='ltr'><strong>reperiunt</strong></span> <span class='ocrx_word' id='word_1_82' title='bbox 658 1525 812 1592; x_wconf 82' lang='lat' dir='ltr'><strong>comoedias,</strong></span> 
     </span>
    </p>

    <p class='ocr_par' dir='ltr' id='par_1_13' title="bbox 125 1592 927 1878">
     <span class='ocr_line' id='line_1_16' title="bbox 125 1592 896 1664; baseline 0.003 -18"><span class='ocrx_word' id='word_1_83' title='bbox 125 1593 179 1648; x_wconf 91' lang='lat' dir='ltr'><strong>Ubi</strong></span> <span class='ocrx_word' id='word_1_84' title='bbox 192 1594 255 1646; x_wconf 89' lang='lat' dir='ltr'><strong>boni</strong></span> <span class='ocrx_word' id='word_1_85' title='bbox 267 1593 393 1646; x_wconf 82' lang='lat' dir='ltr'><strong>meliores</strong></span> <span class='ocrx_word' id='word_1_86' title='bbox 405 1595 478 1646; x_wconf 61' lang='lat' dir='ltr'><strong>fiunt,</strong></span> <span class='ocrx_word' id='word_1_87' title='bbox 514 1592 595 1646; x_wconf 91' lang='lat' dir='ltr'><strong>Nunc</strong></span> <span class='ocrx_word' id='word_1_88' title='bbox 610 1611 663 1660; x_wconf 85' lang='lat' dir='ltr'>vos,</span> <span class='ocrx_word' id='word_1_89' title='bbox 675 1594 699 1646; x_wconf 87' lang='lat' dir='ltr'><strong>si</strong></span> <span class='ocrx_word' id='word_1_90' title='bbox 710 1595 785 1648; x_wconf 89' lang='lat' dir='ltr'>vobis</span> <span class='ocrx_word' id='word_1_91' title='bbox 798 1594 896 1664; x_wconf 75' lang='lat' dir='ltr'><strong>placet,</strong></span> 
     </span>
     <span class='ocr_line' id='line_1_17' title="bbox 126 1662 927 1746; baseline 0.005 -30"><span class='ocrx_word' id='word_1_92' title='bbox 126 1662 163 1716; x_wconf 80' lang='lat' dir='ltr'><strong>Et</strong></span> <span class='ocrx_word' id='word_1_93' title='bbox 185 1664 208 1716; x_wconf 88' lang='lat' dir='ltr'><strong>si</strong></span> <span class='ocrx_word' id='word_1_94' title='bbox 232 1665 390 1746; x_wconf 74' lang='lat' dir='ltr'><strong>plucuimus,</strong></span> <span class='ocrx_word' id='word_1_95' title='bbox 410 1681 498 1732; x_wconf 84' lang='lat' dir='ltr'><strong>neque</strong></span> <span class='ocrx_word' id='word_1_96' title='bbox 530 1663 591 1718; x_wconf 88' lang='lat' dir='ltr'><strong>odio</strong></span> <span class='ocrx_word' id='word_1_97' title='bbox 616 1663 723 1729; x_wconf 78' lang='lat' dir='ltr'><strong>fuimus,</strong></span> <span class='ocrx_word' id='word_1_98' title='bbox 743 1667 852 1738; x_wconf 82' lang='lat' dir='ltr'><strong>signum</strong></span> <span class='ocrx_word' id='word_1_99' title='bbox 872 1666 927 1722; x_wconf 90' lang='lat' dir='ltr'><strong>hoc</strong></span> 
     </span>
     <span class='ocr_line' id='line_1_18' title="bbox 126 1741 874 1878; baseline 0.004 -19"><span class='ocrx_word' id='word_1_100' title='bbox 126 1803 184 1866; x_wconf 82' lang='lat' dir='ltr'><strong>Qui</strong></span> <span class='ocrx_word' id='word_1_101' title='bbox 196 1741 405 1875; x_wconf 51' lang='lat' dir='ltr'><strong>pugilctintitgcssc</strong></span> <span class='ocrx_word' id='word_1_102' title='bbox 417 1803 496 1860; x_wconf 84' lang='lat' dir='ltr'><strong>uoltis</strong></span> <span class='ocrx_word' id='word_1_103' title='bbox 507 1806 653 1875; x_wconf 83' lang='lat' dir='ltr'><strong>praemium,</strong></span> <span class='ocrx_word' id='word_1_104' title='bbox 665 1807 787 1878; x_wconf 75' lang='lat' dir='ltr'><strong>plausum</strong></span> <span class='ocrx_word' id='word_1_105' title='bbox 800 1807 874 1862; x_wconf 79' lang='lat' dir='ltr'><strong>dcte.</strong></span> 
     </span>
    </p>
   </div>
   <div class='ocr_carea' id='block_1_11' title="bbox 0 0 1088 3410">
    <p class='ocr_par' dir='ltr' id='par_1_14' title="bbox 0 0 1088 3410">
     <span class='ocr_line' id='line_1_19' title="bbox 0 0 1088 3410; baseline 0 0"><span class='ocrx_word' id='word_1_106' title='bbox 0 0 1088 3410; x_wconf 95' lang='lat' dir='ltr'><strong> </strong></span> 
     </span>
    </p>
   </div>
  </div>
 </body>
</html>
