2150 3410
149 168 184 224 12
403 165 622 222 CAPTEIVEI.
639 167 661 224 1.
679 167 705 222 2.

187 308 259 380 Erg.
278 307 317 362 Ut
328 321 399 375 sepe
413 323 517 362 summe
529 307 641 378 ingenis
652 307 681 362 in
693 307 800 362 occulto
811 307 900 362 latent
910 311 919 360 t

153 379 217 436 llio.
229 377 315 447 qunlls
327 377 480 446 imperator,
489 395 560 432 nunc
570 379 689 448 privatus
702 379 760 433 est!

189 450 259 521 Heg.
278 447 358 502 Hebe
370 449 450 502 modo
462 449 562 502 bonum
578 450 711 504 animum:
728 466 791 504 nom
802 447 878 504 illum
895 466 965 505 con-

260 517 313 572 fido
327 517 434 572 domurn

154 593 187 646 In
199 589 241 644 his
254 588 349 642 diebus
362 606 405 642 me
418 589 650 644 reconciliesrere.

155 661 234 727 Nom,
260 675 365 783 (Rufum,
383 659 535 729 cepteivom
563 659 607 714 hic
639 659 844 716 adolescentem
872 659 968 787 hebgg

300 748 362 795 rum,

112 831 116 844 ι
153 803 320 873 Prognotum
334 817 438 872 genere
451 817 563 869 summo,
575 808 604 856 et
615 803 725 858 summis
739 801 854 858 divitiis:

154 873 216 927 Hoc
229 872 304 926 illum
316 889 360 928 me
373 879 486 939 mutere,
498 873 680 928 confidofore.

188 943 260 1013 Erg.
279 943 323 997 lte
335 942 380 998 Dii
393 942 513 1013 Deeque
526 943 627 999 serint!
917 1001 919 1008 ,

189 1014 261 1086 Heg.
650 1013 707 1069 Sed
719 1030 783 1070 num
794 1031 848 1084 quo
859 1011 934 1070 fores

154 1083 284 1140 Vocotu’s
296 1082 331 1137 ed
349 1085 470 1139 ooenem?

190 1157 260 1227 Erg.
487 1153 629 1225 Nusqusrn
641 1154 775 1227 equidem,
787 1155 858 1226 quod
869 1155 965 1212 solem.

155 1227 212 1282 Sed
226 1226 290 1294 quid
302 1232 332 1280 tu
344 1226 372 1280 id
385 1224 503 1295 queris?

191 1296 263 1368 Heg.
526 1297 603 1359 Quis
613 1296 679 1352 mihi
690 1297 808 1352 neteli’st
819 1297 897 1354 dies:
926 1299 965 1355 65

155 1367 305 1438 Propterea
315 1373 345 1422 te
356 1367 480 1422 vocerier
491 1366 526 1420 od
539 1385 643 1422 ooensm
655 1367 725 1423 volo.

190 1438 263 1510 Erg.
282 1438 386 1492 Feoete
400 1437 510 1493 dietum.

191 1509 263 1581 fleg.
544 1506 857 1578 flsdsipsuxillopotss

157 1579 310 1635 Contentus
322 1595 394 1635 esse.

192 1651 263 1722 Erg.
441 1647 486 1703 Ne
499 1647 696 1719 perpauxillum
707 1649 804 1718 modo;

157 1717 230 1774 Nem
242 1721 310 1775 ietoo
323 1736 366 1775 me
380 1717 489 1773 osrlduo
502 1719 574 1774 victu
587 1719 695 1774 delecto
708 1720 787 1776 domi.

193 1791 263 1862 Heg·
284 1792 346 1862 Age
359 1790 405 1856 sis,
417 1807 495 1860 rogo.

192 1861 263 1933 Erg.
401 1860 517 1928 Emturn‚
529 1860 581 1914 nisi
593 1860 639 1930 qui
650 1861 789 1917 meliorem
801 1861 906 1930 efferet,
928 1859 967 1915 70

157 1931 228 1993 Que
242 1931 306 1986 mihi
319 1939 399 2000 etque
412 1931 505 1986 emiois
518 1929 626 2000 pleoeet
638 1932 758 1986 condutio
770 1934 867 2004 magis.

158 2002 248 2064 Quasi
260 2000 372 2058 fundum
385 2001 514 2069 vendens,
526 2002 594 2057 meis
606 2019 649 2057 me
663 2003 788 2058 addicam
799 2002 918 2075 legibus.

193 2071 451 2200 Hemnfflfundum
468 2074 564 2129 vendis
575 2081 606 2128 tu
618 2071 734 2144 quidem,
750 2073 822 2128 houd
843 2072 966 2139 fundum,

337 2181 345 2210 l

158 2211 224 2280 Sed,
236 2211 260 2268 si
271 2213 417 2281 venturu’s,
429 2215 554 2285 tempori.

192 2283 264 2356 Erg.
581 2283 671 2342 Hem!
691 2285 735 2341 vel
749 2285 806 2358 jem
818 2285 902 2341 otlum
913 2289 966 2339 est.

194 2354 265 2426 Ηυξ.
283 2353 298 2410 1
309 2353 397 2422 morlo,
408 2371 508 2412 ventre
520 2354 658 2426 leporem:
676 2373 749 2412 nuno
762 2373 837 2412 erem
847 2363 936 2411 tonos.

158 2423 232 2480 Nom
243 2442 320 2480 meus
332 2443 489 2498 scruposum
500 2427 587 2482 vietus
602 2427 770 2499 [commetat]
783 2428 862 2482 viem
931 2423 967 2479 76

193 2496 264 2570 Erg.
283 2495 430 2622 Nlunqusm
449 2497 518 2554 istoo
539 2497 633 2554 vinces
653 2515 707 2566 me,
725 2497 836 2570 Hegi03
861 2509 897 2552 ne
917 2509 965 2564 po-

265 2574 308 2622 stu
320 2585 366 2622 es:

158 2635 230 2694 Cum
241 2638 371 2694 oeloeatis
384 2637 510 2695 dentibus
521 2638 629 2695 venitm
640 2646 739 2694 tomen.

194 2707 265 2780 fleg.
283 2711 374 2779 Asper
384 2725 461 2764 meus
473 2709 560 2764 vietus
572 2726 639 2764 sono
652 2715 704 2765 est.

193 2779 266 2850 ng.
703 2778 850 2835 Senteisne
863 2774 967 2833 esim?

194 2849 266 2922 Heg.
284 2849 436 2904 Terrestris
448 2865 526 2905 corno
537 2859 588 2905 est

194 2921 266 2993 Erg.
548 2921 602 2976 {us
614 2919 751 2974 terrestris
760 2918 850 2974 bestie
861 2925 913 2974 est.
932 2915 968 2974 80

197 2991 268 3063 lug.
286 2989 382 3047 Multis
395 2989 520 3046 oleribus.

195 3061 266 3134 Erg.
564 3059 667 3114 Curato
678 3063 797 3130 egrotos
810 3056 889 3112 dorni.
