2150 3410
41 257 44 264 γ
131 177 166 231 10
383 175 598 232 CAPTEIVEI.
617 177 638 231 1.
657 177 683 230 2.

131 315 217 371 Nulla
230 317 379 388 juventutis
392 323 436 370 eet
447 333 510 386 spes
521 334 528 370 ε
549 333 612 372 sese
625 333 719 372 omnes
731 325 830 373 amant.

132 387 182 442 llle
196 387 304 442 demum
315 385 431 454 antiquis
443 393 486 441 est
498 387 659 442 adolescens
672 389 805 455 moribus3

134 459 207 522 Quoi
218 473 353 526 nunquam
364 457 465 512 voltum
476 458 646 526 tranquillavi
659 460 763 530 gratiis.

131 529 276 598 condigne
290 535 332 582 est
344 536 421 597 pater
433 530 492 598 ejus
505 537 623 582 moratae
635 530 763 584 moribus.

132 599 214 652 Nunc
226 598 261 652 ad
272 615 335 653 eum
347 616 468 668 pergam.
504 599 561 652 Sed
573 600 692 669 aperitur
704 601 810 668 ostium,
901 599 938 654 40

132 669 213 724 Unde
226 670 365 724 saturitate
379 687 451 741 sepe
464 687 518 740 ego
530 669 586 724 exii
598 669 699 724 ebrius.

268 882 432 942 AOTUS
471 885 500 940 1.
557 883 719 941 SCENA
754 883 805 938 11.

282 1025 387 1080 Hroro.
424 1027 589 1084 Loararua.
623 1025 799 1082 Enorarnua.

169 1161 239 1234 Heg.
259 1162 378 1217 Advorte
391 1163 509 1220 animum
521 1165 558 1220 aia
571 1172 617 1220 tu:
635 1164 701 1220 istor
714 1162 852 1234 capteivoa
864 1161 940 1228 duos,

133 1229 211 1286 Here
241 1249 290 1286 uos
303 1234 357 1287 emi
369 1233 403 1286 de
416 1234 514 1302 preda,
527 1236 561 1290 de
578 1235 764 1305 quaestoribus,

132 1301 185 1356 His
197 1302 224 1358 in
245 1301 281 1357 'to
293 1310 404 1358 catenas
416 1304 598 1374 singularias3

134 1373 205 1428 Istae
217 1374 340 1444 majores,
352 1375 448 1444 quibus
460 1382 524 1428 aunt
535 1377 626 1444 vincti,
639 1375 740 1432 demito
750 1395 758 1444 3

133 1443 222 1499 Sinito
234 1445 379 1511 ambulare,
391 1445 414 1499 si
427 1444 499 1512 foris,
511 1447 535 1501 si
546 1446 622 1500 intua
630 1447 738 1514 volent;

135 1513 192 1571 Sed
206 1517 244 1569 uti
257 1522 430 1570 asserventur
443 1533 543 1587 magna
555 1515 705 1586 diligentia

133 1585 218 1640 Liber
229 1588 366 1656 capteivos
379 1586 435 1642 avis
448 1585 513 1640 fera
526 1587 673 1642 conrimilia
686 1594 747 1642 eat:

134 1655 227 1710 Semel
240 1655 364 1726 fugiendi
377 1657 401 1710 si
413 1655 476 1712 datu
489 1665 532 1711 est
544 1655 671 1723 occasio,'

134 1725 208 1780 Satis
221 1734 279 1780 est:
303 1743 439 1794 nunquam
451 1726 558 1796 postilla
569 1726 655 1807 poeria
667 1725 810 1794 prendere.

168 1795 233 1850 Lor.
252 1796 355 1850 Omnes
368 1795 491 1864 profecto
502 1796 580 1851 liberi
592 1795 729 1850 lubentius

132 1866 243 1936 Sumus,
256 1884 337 1938 quam
348 1866 489 1920 servimus.

168 1937 241 2010 Heg.
551 1933 615 1991 Non
625 1935 719 1990 videre
732 1935 770 1990 ita
781 1943 811 1990 tu
823 1933 939 2005 quidem.

169 2005 234 2064 Lor.
253 2007 293 2133 Sid
304 2025 358 2120 nova
376 2013 419 2064 eat
436 2005 508 2078 quod
525 2006 596 2076 dem,
613 2023 693 2062 mene
712 2006 753 2062 via
767 2006 830 2062 dem
842 2006 900 2078 ipse
912 2008 941 2063 in

259 2095 339 2134 eea.
1055 2107 1056 2126 r

169 2096 290 2220 Heg.pSi
303 2150 419 2218 dederis,
431 2147 485 2204 erit
495 2147 633 2218 extemplo
643 2147 716 2216 mihi,
728 2149 798 2220 quod
811 2147 873 2204 dem
884 2147 941 2203 tibi.
1055 2139 1056 2174 ³

169 2219 235 2276 nor.
254 2221 321 2276 Avis
332 2236 376 2274 me
389 2219 454 2274 fera
468 2218 634 2274 consimilem
646 2219 753 2288 faciam,
762 2227 792 2275 ut
802 2218 941 2290 praedicar.

171 2289 242 2362 Heg.
260 2291 303 2346 Ita
315 2297 344 2344 ut
356 2289 437 2344 dicis:
451 2307 522 2356 nam,
534 2289 558 2343 si
569 2289 647 2358 faxis,
658 2298 687 2346 te
699 2291 728 2344 in
739 2308 851 2346 caveam
863 2290 940 2345 dabo.

136 2360 193 2415 Sed
206 2363 272 2416 satis
284 2361 425 2416 verborum
437 2368 487 2416 est
524 2361 604 2428 Cura,
616 2377 673 2430 qum
689 2363 768 2433 jumi,
780 2370 861 2431 atque
874 2362 926 2416 abi.

137 2431 199 2512 Ego
212 2433 256 2485 ibo
269 2431 303 2486 ad
316 2431 435 2498 fratrem,
448 2431 482 2486 ad
495 2431 562 2486 alios
580 2433 718 2502 eapteivos
730 2451 819 2488 meos:
909 2429 941 2485 17
1055 2427 1056 2444 ’

136 2501 240 2570 Visam,
252 2519 287 2556 ne
300 2511 379 2557 nocte
393 2503 444 2556 hac
458 2502 593 2574 quidpiam
606 2503 781 2559 turbaverint.

137 2571 205 2626 Inde
220 2589 263 2627 me
275 2575 403 2628 continuo
415 2574 545 2643 recipiam
557 2591 662 2629 rursum
675 2574 791 2630 domum.

171 2642 241 2714 Erg.
256 2643 343 2724 ¹AEgre
354 2650 397 2698 est
407 2644 480 2713 mihi,
493 2645 564 2699 huno
577 2644 668 2701 facere
679 2651 810 2715 questum
819 2657 942 2766 carcer&

242 2731 319 2782 rium,

135 2783 251 2853 Propter
262 2785 304 2838 sui
317 2784 391 2856 gnati
404 2785 549 2852 miseriam,
560 2785 688 2839 miserum
700 2801 803 2838 senam.

136 2852 202 2920 sed,
214 2853 237 2908 ai
250 2855 304 2908 ullo
315 2863 394 2925 pacto
407 2855 453 2911 ille
466 2857 518 2910 huo
531 2855 668 2908 conciliari
687 2861 784 2922 potest,

135 2924 190 2978 Vel
203 2925 396 2980 carnufioinam
408 2925 479 2980 hunc
491 2925 592 2986 facere,
602 2939 710 2993 possum
721 2922 837 2992 perpeti.

171 2993 242 3065 Heg.
260 2995 332 3058 Quis
344 2995 388 3050 hio
401 2994 539 3066 loquitur?

172 3065 243 3135 Erg.
490 3063 559 3134 Ego,
570 3061 615 3128 qui
628 3067 674 3113 tuo
686 3076 799 3116 moerore
811 3077 939 3128 maceror,
