2150 3410
373 145 588 208 CAPTEIVEI.
607 149 629 204 1.
646 150 672 206 2.
895 154 927 208 ll

117 292 261 357 Msceeco,
274 306 451 359 consenesco,
463 298 492 345 et
502 291 614 345 tabesco
626 290 716 346 miser.
893 293 929 350 25

119 362 194 416 Ossa
206 368 287 429 atquo
300 359 378 429 pellis
390 378 451 416 sum
464 360 584 433 [mera]
599 359 787 416 mestitudine.

120 433 222 500 Neque
235 447 351 500 uuquam
369 431 512 501 quidquam
524 448 567 486 me
581 435 668 506 juvat,
680 431 751 502 quod
764 431 816 486 edo
828 432 919 490 domi:

120 503 201 558 Foris
213 501 408 571 aliquantillum
419 505 501 556 etiam
512 501 584 572 quod
597 510 686 574 gusto,
700 503 727 556 id
739 502 811 557 beat.

156 573 230 644 Heg.
243 572 377 643 Ergone,
390 573 473 627 salve.
925 599 930 627 ι

157 644 230 715 Erg.
512 643 558 698 Dii
571 650 599 698 te
611 643 682 696 bene
697 652 796 713 ament,
807 645 912 718 Hegio.

158 713 232 785 Heg.
244 712 290 766 Nc
304 713 348 766 fle.

159 786 231 856 lig.
391 783 488 856 Egone
500 783 577 838 illum
588 801 643 838 nou
655 783 757 840 fleam?
775 801 864 858 egone
876 805 932 843 non

440 855 558 910 defleam
895 859 932 914 30

122 925 224 980 Telem
235 923 459 980 adolescentem?

160 996 231 1068 Heg.
529 995 645 1064 Semper
656 996 739 1064 sensi,
750 997 809 1054 filio

124 1067 192 1123 Meo
204 1073 231 1121 te
245 1083 306 1121 esse
320 1065 444 1133 amicum,
456 1072 485 1121 et
497 1065 572 1120 illum
583 1065 705 1122 intellexi
717 1067 774 1123 tibi.

159 1139 245 1262 Ergb
255 1138 328 1193 Tum
356 1138 476 1206 denique
494 1137 618 1192 homines
642 1145 735 1192 nostre
754 1138 935 1212 intelligimus

247 1223 307 1274 ona,

123 1281 227 1346 Quom,
238 1296 297 1348 quae
309 1277 339 1331 iu
350 1283 485 1346 potestate
497 1275 647 1345 habuimus,
660 1295 694 1333 ea
703 1278 850 1335 amisimus.

124 1349 196 1421 Ego,
207 1355 349 1418 postquam
360 1355 460 1418 gnatus
471 1355 534 1402 tuus
545 1349 666 1417 potitu’st
678 1349 803 1418 hostium,
897 1351 933 1408 35

125 1421 271 1490 Expertus,
284 1419 376 1500 quenti
388 1418 478 1486 fuerit,
491 1435 563 1472 nunc
576 1419 709 1474 desidem.

162 1491 249 1613 fleg}
261 1489 375 1544 Ahenus
393 1507 473 1558 quom
490 1491 550 1560 ejus
567 1489 765 1545 incommodum
785 1497 841 1545 tum
858 1508 932 1564 aegre

244 1577 313 1626 eres,

126 1629 205 1693 Quid
217 1648 259 1685 me
271 1636 375 1700 petrem
387 1629 538 1698 perfecere
552 1635 603 1690 est,
616 1629 678 1698 quoi
690 1629 736 1685 ille
749 1638 793 1686 est
804 1631 922 1688 unicus?

163 1703 233 1773 Erg.
252 1700 368 1755 Alienus
380 1700 455 1770 ego?
474 1699 579 1754 alienus
591 1699 660 1755 ifle?
678 1700 721 1767 he,
733 1701 842 1784 Hegio!
899 1703 934 1760 39

127 1771 276 1842 Nunquam
288 1773 358 1825 istuc
372 1771 552 1840 diuisosque
565 1773 683 1825 animum
695 1771 802 1828 induxis
815 1780 899 1830 tuum.

126 1843 191 1899 Tibi
204 1843 250 1898 ille
264 1841 398 1907 unicu’st3
415 1841 489 1909 mihi,
501 1843 585 1896 etiem
596 1843 676 1896 unico
688 1843 776 1914 magis
788 1845 893 1900 unicus.

163 1915 234 1986 Heg.
252 1912 355 1979 Laudo,
367 1910 467 1966 mulum
478 1929 559 1981 quom
567 1913 647 1968 amici
655 1923 732 1968 tuum
741 1915 818 1969 ducis
827 1915 935 1971 maluun

127 1983 212 2040 Nune
224 1983 294 2038 habe
307 1983 407 2036 bonum
418 1982 544 2036 animum
585 2051 627 2107 Eh
673 2053 680 2090 Ι

226 2093 234 2110 0
628 2069 663 2108 eu
673 2094 679 2108 1

163 2125 236 2198 Hcg.
691 2123 766 2179 Huic
776 2123 842 2180 illud
855 2125 937 2197 dolet,

128 2197 205 2259 Quis
215 2211 288 2250 nunc
306 2194 435 2250 remissus
447 2199 491 2248 est
502 2191 603 2248 edendi
614 2193 760 2250 exercitus.

129 2267 279 2323 Nullumne
291 2265 398 2320 interes
409 2265 523 2332 nactu’s,
534 2265 579 2334 qui
591 2273 684 2334 posset
694 2264 744 2319 nbi
901 2269 937 2326 45

128 2338 296 2404 Remissum,
307 2353 388 2406 quem
399 2336 483 2401 duxti,
495 2336 627 2404 imperare
640 2335 811 2392 exereitum?

166 2408 235 2480 Erg.
254 2407 330 2468 Quid
343 2407 449 2462 credis?
461 2405 680 2477 fugitantomnes
688 2405 757 2460 hane
764 2408 937 2530 frovinciem,

129 2479 206 2542 Quoi
218 2478 273 2533 obti
293 2484 361 2545 emt,
373 2485 512 2547 postquam
524 2475 640 2545 captu’at
651 2475 765 2546 Philopo
775 2495 853 2533 emus
865 2486 937 2537 tuus.

165 2551 259 2632 Heg3
286 2565 330 2631 on,
346 2549 398 2618 pol,
419 2546 569 2603 mirandum
588 2552 639 2613 est,
657 2545 774 2616 fugitans
793 2549 863 2604 hunc
876 2567 937 2621 pro-

234 2635 358 2675 vmciem.

129 2690 227 2746 Multis
239 2697 269 2744 et
279 2689 504 2760 multigeneribus
517 2704 583 2758 opus
596 2694 639 2742 est
649 2686 699 2741 tibi
902 2693 939 2747 50

130 2761 273 2816 Militibus.
308 2761 428 2814 Primum
440 2759 503 2814 dum
515 2776 582 2829 opus
594 2766 637 2812 est
648 2758 872 2816 Pistoriensibus:

131 2833 231 2886 Eorum
243 2837 306 2886 sunt
320 2847 424 2912 genere
436 2831 538 2898 aliquot
548 2829 762 2884 Pistoriensium

131 2903 208 2972 Opus
221 2901 357 2968 Puniceus,
370 2917 436 2972 opus
448 2900 615 2956 Placentinis
627 2917 742 2968 quoquc,

131 2973 209 3041 Opus
221 2971 395 3037 Turdetanis,
408 2988 474 3038 opus
487 2977 530 3024 est
541 2970 784 3024 Ficedulensibus:

131 3043 145 3096 J
148 3060 191 3098 am
204 3041 337 3122 maritumi
349 3057 442 3096 omnes
455 3041 555 3095 milites
567 3057 634 3108 opus
646 3047 710 3092 sunt
721 3039 778 3092 tibi.
902 3043 939 3094 55
