2150 3410
358 191 571 248 CAPTEIVEI.
592 193 628 248 11.
644 191 679 246 2.·
883 191 917 246 15

106 334 191 402 Nam,
204 333 353 458 seeundgm
366 341 478 403 patrem,
490 343 520 389 tu
532 350 563 388 es
576 340 653 404 pater
663 347 818 403 proxumus.

144 476 173 530 P
191 406 249 530 niis.
257 406 302 459 Au
321 422 355 459 ιο.
384 473 420 530 Et
432 483 575 558 propterea
586 473 684 546 saepius
696 483 734 542 to,
745 480 777 527 ut
787 472 917 528 memine-

426 564 471 611 ns,
482 563 589 600 moneo.

107 617 176 671 Non
189 633 244 688 ego
256 616 338 740 ifierus
351 615 407 683 tibi,
420 618 469 672 sed
490 633 583 671 servos
596 633 663 671 aum.
699 615 781 671 Nune
802 616 916 671 obsecro

108 693 250 820 Quoniaiii
261 703 412 812 niriiiniiii'
422 756 588 812 immortales
608 758 726 814 animum
738 757 917 814 ostenderunt

107 899 151 952 Ut
162 845 315 968 quiiliiiiis
334 916 377 952 me
399 899 447 953 tibi
466 899 560 967 fuisse,
579 905 659 968 atque
679 915 742 954 esse
762 913 835 952 nune
851 829 916 954 eois?

218 987 322 1023 servom
334 969 434 1032 velint3

109 1038 196 1102 Quod
215 1040 330 1094 antehae
351 1055 400 1108 pro
420 1040 482 1110 jure
503 1039 688 1110 imperitabam
706 1055 775 1108 meo,
795 1055 867 1094 nuno
887 1044 916 1094 te

216 1127 263 1163 oro
276 1127 325 1180 per
340 1126 460 1180 precem,
696 1132 698 1136 ·

109 1180 165 1234 Per
175 1179 312 1263 fortunam
324 1182 466 1248 incertam,
477 1186 509 1234 et
520 1197 569 1251 per
579 1181 633 1235 mei
646 1189 675 1236 te
687 1197 756 1256 erga
764 1179 917 1236 bonitatem

108 1258 424 1391 Perquepiiiiiirviuum
442 1338 592 1393 commune,
610 1323 681 1394 quod
700 1323 806 1380 hostica
825 1319 918 1377 evenit

108 1462 156 1516 Ne
177 1409 323 1516 memigiiis
342 1463 443 1519 honore
464 1464 600 1532 honestes,
619 1481 700 1536 quam
719 1480 773 1534 ego
788 1470 826 1531 te,
838 1477 918 1532 quom

216 1535 337 1588 servibas
349 1534 432 1602 mihi;

108 1605 203 1674 Atque
217 1612 254 1671 ut,
268 1604 315 1687 qui
335 1605 427 1688 fueris,
448 1606 541 1677 etqui
561 1621 634 1661 uuna
655 1605 701 1673 sis,
712 1603 869 1659 meminisse
888 1609 919 1658 ut

216 1691 381 1730 meminens.

148 1743 235 1868 ψ.
254 1745 318 1800 Scio
329 1746 438 1816 quidem
449 1763 494 1802 me
507 1754 534 1802 te
547 1763 611 1802 esse
623 1761 704 1812 uuna,
713 1752 778 1801 etto
789 1761 851 1800 esse
863 1760 917 1802 me.

146 1815 174 1869 P
190 1815 249 1869 iter.
611 1818 700 1872 Hem!
720 1819 790 1872 istuc
803 1817 827 1872 ai
839 1823 917 1886 potes

108 1885 272 1942 Memoriter
283 1886 447 1956 meminisse,
455 1888 528 1944 inest
539 1905 603 1960 spes
615 1889 692 1944 nobis
704 1888 733 1944 in
745 1889 796 1943 hae
809 1888 916 1943 astutia.

249 2099 490 2157 ACTUSII.
534 2099 773 2157 SCENAII.

223 2239 331 2295 Hsuro.
368 2239 592 2297 Pnrnocnrrus.
627 2241 802 2296 Trnuaaus.

146 2381 218 2453 Heg.
233 2381 294 2464 Jarn
313 2397 366 2463 ego
384 2389 506 2438 revortar
524 2383 603 2449 iutro,
614 2383 639 2436 si
650 2400 686 2437 ex
707 2383 757 2450 his,
769 2397 828 2452 quaa
846 2381 916 2450 volo,

217 2468 393 2521 exqursrvero.

107 2521 165 2578 Ubi
178 2530 241 2576 sunt
249 2523 302 2589 isti,
314 2541 380 2592 quos
390 2532 454 2578 onte
466 2523 550 2578 aedeis
558 2523 627 2594 jussi
639 2523 693 2578 hue
705 2523 817 2592 produci
824 2523 916 2578 foras?

144 2593 249 2674 Ptiloc.
268 2594 380 2718 ilidepol,
392 2595 441 2648 tibi
453 2611 488 2649 ne
502 2594 641 2663 questioni
662 2610 794 2658 essemus,
806 2602 917 2650 cautum

214 2672 270 2719 inte
292 2667 338 2735 igo
348 2684 355 2731 3

108 2735 151 2790 Ita
162 2735 258 2790 vinciis
271 2735 454 2805 custodiisque
467 2735 670 2790 eircummoeuiti
683 2751 783 2790 sumus.

144 2805 216 2878 Heg.
234 2806 292 2867 Qui
316 2813 402 2874 cavet,
423 2823 458 2859 ne
479 2806 635 2876 decipiatur,
655 2807 701 2861 vix
724 2811 811 2874 cavet,
836 2823 916 2876 quom

215 2878 297 2930 etiam
310 2883 398 2930 cavet.
899 2879 917 2931 5

108 2945 200 3001 Etiam
211 2964 291 3015 quom
303 2946 409 3001 cavisse
421 2945 524 3009 ratu'st,
537 2963 609 3016 saepe
621 2947 645 3000 is
654 2955 749 3002 cautor
757 2953 853 3016 captus
864 2953 915 3001 est.

110 3020 156 3070 An
167 3033 233 3071 vero
245 3033 300 3070 non
313 3019 389 3087 justa
400 3032 482 3069 causa
495 3024 545 3081 est,
557 3023 588 3069 ut
598 3033 646 3069 vos
658 3033 764 3069 servem
776 3015 881 3080 sedulo,

108 3090 190 3154 Quos
202 3095 258 3142 tam
271 3086 369 3158 grandi
381 3087 432 3140 sim
444 3093 580 3141 mercatus
592 3085 718 3154 praesenti
731 3085 869 3154 pecunia?
