<?xml version="1.0" encoding="UTF-8"?>
<!DOCTYPE html PUBLIC "-//W3C//DTD XHTML 1.0 Transitional//EN"
    "http://www.w3.org/TR/xhtml1/DTD/xhtml1-transitional.dtd">
<html xmlns="http://www.w3.org/1999/xhtml" xml:lang="en" lang="en">
 <head>
  <title>
</title>
<meta http-equiv="Content-Type" content="text/html;charset=utf-8" />
  <meta name='ocr-system' content='tesseract 3.04.00' />
  <meta name='ocr-capabilities' content='ocr_page ocr_carea ocr_par ocr_line ocrx_word'/>
</head>
<body>
  <div class='ocr_page' id='page_1' title='image "./macciiplauticap01plaugoog/macciiplauticap01plaugoog_0033.png"; bbox 0 0 2150 3410; ppageno 0'>
   <div class='ocr_carea' id='block_1_1' title="bbox 167 175 857 234">
    <p class='ocr_par' dir='ltr' id='par_1_1' title="bbox 167 175 857 234">
     <span class='ocr_line' id='line_1_1' title="bbox 167 175 857 234; baseline -0.004 0"><span class='ocrx_word' id='word_1_1' title='bbox 167 175 204 234; x_wconf 70' lang='lat'><strong>26</strong></span> <span class='ocrx_word' id='word_1_2' title='bbox 409 175 624 232; x_wconf 75' lang='lat' dir='ltr'><strong>csPTfflvul.</strong></span> <span class='ocrx_word' id='word_1_3' title='bbox 643 177 693 232; x_wconf 86' lang='lat'>111.</span> <span class='ocrx_word' id='word_1_4' title='bbox 711 175 737 231; x_wconf 77' lang='lat'><strong>2.</strong></span> <span class='ocrx_word' id='word_1_5' title='bbox 852 201 857 208; x_wconf 93' lang='lat'><em>·</em></span> 
     </span>
    </p>
   </div>
   <div class='ocr_carea' id='block_1_2' title="bbox 167 316 979 1306">
    <p class='ocr_par' dir='ltr' id='par_1_2' title="bbox 169 316 959 385">
     <span class='ocr_line' id='line_1_2' title="bbox 169 316 959 385; baseline -0.001 -11"><span class='ocrx_word' id='word_1_6' title='bbox 169 318 252 374; x_wconf 90' lang='lat' dir='ltr'><strong>Nunc</strong></span> <span class='ocrx_word' id='word_1_7' title='bbox 264 319 349 374; x_wconf 85' lang='lat' dir='ltr'><strong>rcdao</strong></span> <span class='ocrx_word' id='word_1_8' title='bbox 361 316 433 384; x_wconf 90' lang='lat' dir='ltr'><strong>inde,</strong></span> <span class='ocrx_word' id='word_1_9' title='bbox 445 317 570 385; x_wconf 89' lang='lat' dir='ltr'><strong>quoniam</strong></span> <span class='ocrx_word' id='word_1_10' title='bbox 582 335 626 372; x_wconf 86' lang='lat' dir='ltr'><strong>mc</strong></span> <span class='ocrx_word' id='word_1_11' title='bbox 638 318 674 371; x_wconf 91' lang='lat' dir='ltr'><strong>ibi</strong></span> <span class='ocrx_word' id='word_1_12' title='bbox 688 317 768 372; x_wconf 84' lang='lat' dir='ltr'><strong>video</strong></span> <span class='ocrx_word' id='word_1_13' title='bbox 779 317 959 373; x_wconf 79' lang='lat' dir='ltr'><strong>ludificarier.</strong></span> 
     </span>
    </p>

    <p class='ocr_par' dir='ltr' id='par_1_3' title="bbox 167 387 979 1232">
     <span class='ocr_line' id='line_1_3' title="bbox 169 387 978 458; baseline -0.002 -12"><span class='ocrx_word' id='word_1_14' title='bbox 169 392 239 446; x_wconf 84' lang='lat' dir='ltr'><strong>Item</strong></span> <span class='ocrx_word' id='word_1_15' title='bbox 252 389 296 444; x_wconf 91' lang='lat' dir='ltr'><strong>alii</strong></span> <span class='ocrx_word' id='word_1_16' title='bbox 308 390 420 458; x_wconf 79' lang='lat' dir='ltr'>parasiti</span> <span class='ocrx_word' id='word_1_17' title='bbox 432 387 535 442; x_wconf 87' lang='lat' dir='ltr'><strong>frustra</strong></span> <span class='ocrx_word' id='word_1_18' title='bbox 546 389 758 443; x_wconf 75' lang='lat' dir='ltr'><strong>obambulabant</strong></span> <span class='ocrx_word' id='word_1_19' title='bbox 767 390 794 443; x_wconf 93' lang='lat' dir='ltr'><strong>iu</strong></span> <span class='ocrx_word' id='word_1_20' title='bbox 804 388 872 442; x_wconf 90' lang='lat' dir='ltr'><strong>furo.</strong></span> <span class='ocrx_word' id='word_1_21' title='bbox 944 390 978 444; x_wconf 89' lang='grc'><strong>31</strong></span> 
     </span>
     <span class='ocr_line' id='line_1_4' title="bbox 169 458 979 540; baseline -0.002 -24"><span class='ocrx_word' id='word_1_22' title='bbox 169 460 252 516; x_wconf 88' lang='lat' dir='ltr'><strong>Nunc</strong></span> <span class='ocrx_word' id='word_1_23' title='bbox 265 459 406 540; x_wconf 82' lang='lat' dir='ltr'><strong>barbarica</strong></span> <span class='ocrx_word' id='word_1_24' title='bbox 418 458 482 530; x_wconf 84' lang='lat' dir='ltr'>lege</span> <span class='ocrx_word' id='word_1_25' title='bbox 495 466 601 512; x_wconf 84' lang='lat' dir='ltr'><strong>certum</strong></span> <span class='ocrx_word' id='word_1_26' title='bbox 615 467 659 514; x_wconf 87' lang='lat' dir='ltr'><strong>est</strong></span> <span class='ocrx_word' id='word_1_27' title='bbox 666 461 712 530; x_wconf 86' lang='lat' dir='ltr'><strong>jus</strong></span> <span class='ocrx_word' id='word_1_28' title='bbox 725 476 816 513; x_wconf 88' lang='lat' dir='ltr'><strong>meum</strong></span> <span class='ocrx_word' id='word_1_29' title='bbox 828 475 908 514; x_wconf 84' lang='lat' dir='ltr'><strong>omna</strong></span> <span class='ocrx_word' id='word_1_30' title='bbox 917 477 979 528; x_wconf 86' lang='lat' dir='ltr'><strong>per·</strong></span> 
     </span>
     <span class='ocr_line' id='line_1_5' title="bbox 167 547 977 670; baseline 0.001 -16"><span class='ocrx_word' id='word_1_31' title='bbox 167 600 225 663; x_wconf 79' lang='lat' dir='ltr'><strong>Qui</strong></span> <span class='ocrx_word' id='word_1_32' title='bbox 246 547 388 653; x_wconf 49' lang='lat' dir='ltr'><strong>coffllliiim</strong></span> <span class='ocrx_word' id='word_1_33' title='bbox 407 601 502 668; x_wconf 86' lang='lat' dir='ltr'><strong>iniere,</strong></span> <span class='ocrx_word' id='word_1_34' title='bbox 520 618 572 670; x_wconf 92' lang='lat' dir='ltr'><strong>quo</strong></span> <span class='ocrx_word' id='word_1_35' title='bbox 590 617 640 654; x_wconf 89' lang='lat' dir='ltr'><strong>nos</strong></span> <span class='ocrx_word' id='word_1_36' title='bbox 665 600 739 654; x_wconf 88' lang='lat' dir='ltr'><strong>victu</strong></span> <span class='ocrx_word' id='word_1_37' title='bbox 757 608 787 654; x_wconf 88' lang='lat' dir='ltr'><strong>et</strong></span> <span class='ocrx_word' id='word_1_38' title='bbox 804 601 861 653; x_wconf 88' lang='lat' dir='ltr'><strong>vita</strong></span> <span class='ocrx_word' id='word_1_39' title='bbox 887 601 977 670; x_wconf 89' lang='lat' dir='ltr'><strong>prohi-</strong></span> 
     </span>
     <span class='ocr_line' id='line_1_6' title="bbox 167 672 977 814; baseline -0.001 -17"><span class='ocrx_word' id='word_1_40' title='bbox 167 741 219 797; x_wconf 86' lang='lat' dir='ltr'><strong>His</strong></span> <span class='ocrx_word' id='word_1_41' title='bbox 243 672 434 809; x_wconf 55' lang='lat' dir='ltr'><strong>digffifflm</strong></span> <span class='ocrx_word' id='word_1_42' title='bbox 458 742 586 814; x_wconf 78' lang='lat' dir='ltr'><strong>irrogabo</strong></span> <span class='ocrx_word' id='word_1_43' title='bbox 611 739 730 808; x_wconf 89' lang='lat' dir='ltr'><strong>multam,</strong></span> <span class='ocrx_word' id='word_1_44' title='bbox 749 746 778 794; x_wconf 86' lang='lat' dir='ltr'><strong>ut</strong></span> <span class='ocrx_word' id='word_1_45' title='bbox 796 739 862 794; x_wconf 90' lang='lat' dir='ltr'><strong>mihi</strong></span> <span class='ocrx_word' id='word_1_46' title='bbox 885 758 977 796; x_wconf 84' lang='lat' dir='ltr'><strong>coenas</strong></span> 
     </span>
     <span class='ocr_line' id='line_1_7' title="bbox 167 813 976 1008; baseline -0.002 -70"><span class='ocrx_word' id='word_1_47' title='bbox 167 883 233 938; x_wconf 83' lang='lat' dir='ltr'><strong>Meu</strong></span> <span class='ocrx_word' id='word_1_48' title='bbox 258 813 388 938; x_wconf 51' lang='grc' dir='ltr'><strong>αῗξιῖξὲῗιι</strong></span> <span class='ocrx_word' id='word_1_49' title='bbox 415 884 489 951; x_wconf 81' lang='lat' dir='ltr'><strong>dent,</strong></span> <span class='ocrx_word' id='word_1_50' title='bbox 516 901 595 953; x_wconf 92' lang='lat' dir='ltr'><strong>quom</strong></span> <span class='ocrx_word' id='word_1_51' title='bbox 620 899 686 937; x_wconf 90' lang='lat' dir='ltr'><strong>cara</strong></span> <span class='ocrx_word' id='word_1_52' title='bbox 711 899 818 936; x_wconf 87' lang='lat' dir='ltr'><strong>annona</strong></span> <span class='ocrx_word' id='word_1_53' title='bbox 836 881 881 936; x_wconf 90' lang='lat' dir='ltr'><strong>sit.</strong></span> <span class='ocrx_word' id='word_1_54' title='bbox 930 883 976 1008; x_wconf 68' lang='grc' dir='ltr'><strong>83ίὲ</strong></span> 
     </span>
     <span class='ocr_line' id='line_1_8' title="bbox 167 972 975 1105; baseline 0 -26"><span class='ocrx_word' id='word_1_55' title='bbox 167 1023 250 1080; x_wconf 89' lang='lat' dir='ltr'><strong>Nunc</strong></span> <span class='ocrx_word' id='word_1_56' title='bbox 268 972 369 1105; x_wconf 44' lang='lat' dir='ltr'><strong>iebffrerrtou</strong></span> <span class='ocrx_word' id='word_1_57' title='bbox 385 1031 491 1092; x_wconf 87' lang='lat' dir='ltr'><strong>portum</strong></span> <span class='ocrx_word' id='word_1_58' title='bbox 508 1024 589 1079; x_wconf 87' lang='lat' dir='ltr'><strong>hinc:</strong></span> <span class='ocrx_word' id='word_1_59' title='bbox 616 1031 659 1079; x_wconf 87' lang='lat' dir='ltr'><strong>ast</strong></span> <span class='ocrx_word' id='word_1_60' title='bbox 676 1023 731 1078; x_wconf 91' lang='lat' dir='ltr'><strong>illic</strong></span> <span class='ocrx_word' id='word_1_61' title='bbox 751 1023 815 1077; x_wconf 90' lang='lat' dir='ltr'><strong>mihi</strong></span> <span class='ocrx_word' id='word_1_62' title='bbox 838 1041 895 1078; x_wconf 86' lang='lat' dir='ltr'><strong>una</strong></span> <span class='ocrx_word' id='word_1_63' title='bbox 912 1041 975 1095; x_wconf 79' lang='lat' dir='ltr'><strong>spos</strong></span> 
     </span>
     <span class='ocr_line' id='line_1_9' title="bbox 167 1101 976 1232; baseline -0.001 -11"><span class='ocrx_word' id='word_1_64' title='bbox 167 1167 198 1222; x_wconf 81' lang='lat' dir='ltr'><strong>Si</strong></span> <span class='ocrx_word' id='word_1_65' title='bbox 222 1182 256 1220; x_wconf 87' lang='lat' dir='ltr'><strong>ea</strong></span> <span class='ocrx_word' id='word_1_66' title='bbox 273 1101 425 1232; x_wconf 54' lang='lat' dir='ltr'><strong>ctffigffit’,</strong></span> <span class='ocrx_word' id='word_1_67' title='bbox 443 1165 540 1221; x_wconf 85' lang='lat' dir='ltr'><strong>redibo</strong></span> <span class='ocrx_word' id='word_1_68' title='bbox 565 1167 617 1220; x_wconf 93' lang='lat' dir='ltr'><strong>huc</strong></span> <span class='ocrx_word' id='word_1_69' title='bbox 640 1166 674 1221; x_wconf 90' lang='lat' dir='ltr'><strong>ad</strong></span> <span class='ocrx_word' id='word_1_70' title='bbox 694 1182 797 1232; x_wconf 82' lang='lat' dir='ltr'><strong>sanem,</strong></span> <span class='ocrx_word' id='word_1_71' title='bbox 816 1165 851 1220; x_wconf 88' lang='lat' dir='ltr'><strong>ad</strong></span> <span class='ocrx_word' id='word_1_72' title='bbox 870 1181 976 1220; x_wconf 85' lang='lat' dir='ltr'><strong>coenam</strong></span> 
     </span>
    </p>

    <p class='ocr_par' dir='ltr' id='par_1_4' title="bbox 273 1251 405 1306">
     <span class='ocr_line' id='line_1_10' title="bbox 273 1251 405 1306; baseline 0.008 -18"><span class='ocrx_word' id='word_1_73' title='bbox 273 1251 405 1306; x_wconf 86' lang='lat' dir='ltr'><strong>asperam.</strong></span> 
     </span>
    </p>
   </div>
   <div class='ocr_carea' id='block_1_3' title="bbox 351 1463 783 1540">
    <p class='ocr_par' dir='ltr' id='par_1_5' title="bbox 351 1463 783 1540">
     <span class='ocr_line' id='line_1_11' title="bbox 351 1463 783 1540; baseline -0.002 -1"><span class='ocrx_word' id='word_1_74' title='bbox 351 1463 496 1540; x_wconf 76' lang='lat' dir='ltr'><strong>sorus.</strong></span> <span class='ocrx_word' id='word_1_75' title='bbox 514 1483 564 1539; x_wconf 76' lang='lat' dir='ltr'><strong>nn</strong></span> <span class='ocrx_word' id='word_1_76' title='bbox 601 1484 728 1540; x_wconf 80' lang='lat' dir='ltr'><strong>acuns</strong></span> <span class='ocrx_word' id='word_1_77' title='bbox 746 1484 783 1540; x_wconf 88' lang='lat'><strong>11.</strong></span> 
     </span>
    </p>
   </div>
   <div class='ocr_carea' id='block_1_4' title="bbox 516 1645 625 1699">
    <p class='ocr_par' dir='ltr' id='par_1_6' title="bbox 516 1645 625 1699">
     <span class='ocr_line' id='line_1_12' title="bbox 516 1645 625 1699; baseline 0.009 -1"><span class='ocrx_word' id='word_1_78' title='bbox 516 1645 625 1699; x_wconf 88' lang='lat' dir='ltr'><strong>Hscro.</strong></span> 
     </span>
    </p>
   </div>
   <div class='ocr_carea' id='block_1_5' title="bbox 163 1801 974 2510">
    <p class='ocr_par' dir='ltr' id='par_1_7' title="bbox 165 1801 974 1944">
     <span class='ocr_line' id='line_1_13' title="bbox 165 1801 974 1878; baseline 0.009 -23"><span class='ocrx_word' id='word_1_79' title='bbox 165 1801 241 1865; x_wconf 82' lang='lat' dir='ltr'><strong>Quid</strong></span> <span class='ocrx_word' id='word_1_80' title='bbox 254 1801 426 1869; x_wconf 76' lang='lat' dir='ltr'><strong>octonarius,</strong></span> <span class='ocrx_word' id='word_1_81' title='bbox 445 1820 525 1870; x_wconf 91' lang='lat' dir='ltr'><strong>quam</strong></span> <span class='ocrx_word' id='word_1_82' title='bbox 544 1803 616 1859; x_wconf 84' lang='lat' dir='ltr'><strong>bene</strong></span> <span class='ocrx_word' id='word_1_83' title='bbox 636 1821 694 1859; x_wconf 89' lang='lat' dir='ltr'><strong>rem</strong></span> <span class='ocrx_word' id='word_1_84' title='bbox 719 1821 817 1878; x_wconf 84' lang='lat' dir='ltr'>gerere</span> <span class='ocrx_word' id='word_1_85' title='bbox 835 1805 907 1860; x_wconf 91' lang='lat' dir='ltr'><strong>bono</strong></span> <span class='ocrx_word' id='word_1_86' title='bbox 925 1824 974 1878; x_wconf 89' lang='lat' dir='ltr'><strong>pu-</strong></span> 
     </span>
     <span class='ocr_line' id='line_1_14' title="bbox 270 1871 671 1944; baseline 0.007 -19"><span class='ocrx_word' id='word_1_87' title='bbox 270 1871 363 1926; x_wconf 83' lang='lat' dir='ltr'><strong>blico?</strong></span> <span class='ocrx_word' id='word_1_88' title='bbox 381 1871 453 1927; x_wconf 89' lang='lat' dir='ltr'><strong>sicut</strong></span> <span class='ocrx_word' id='word_1_89' title='bbox 467 1890 521 1944; x_wconf 82' lang='lat' dir='ltr'><strong>ego</strong></span> <span class='ocrx_word' id='word_1_90' title='bbox 533 1873 588 1930; x_wconf 85' lang='lat' dir='ltr'><strong>feci</strong></span> <span class='ocrx_word' id='word_1_91' title='bbox 603 1875 671 1943; x_wconf 83' lang='lat' dir='ltr'><strong>heri,</strong></span> 
     </span>
    </p>

    <p class='ocr_par' dir='ltr' id='par_1_8' title="bbox 165 1942 974 2067">
     <span class='ocr_line' id='line_1_15' title="bbox 165 1942 974 2067; baseline 0.005 -69"><span class='ocrx_word' id='word_1_92' title='bbox 165 1943 258 2006; x_wconf 82' lang='lat' dir='ltr'><strong>Quom</strong></span> <span class='ocrx_word' id='word_1_93' title='bbox 270 1942 419 2067; x_wconf 49' lang='lat' dir='ltr'><strong>effiibsssce</strong></span> <span class='ocrx_word' id='word_1_94' title='bbox 432 1943 564 2000; x_wconf 86' lang='lat' dir='ltr'><strong>homines.</strong></span> <span class='ocrx_word' id='word_1_95' title='bbox 601 1945 655 2002; x_wconf 92' lang='lat' dir='ltr'><strong>Ubi</strong></span> <span class='ocrx_word' id='word_1_96' title='bbox 671 1947 784 2016; x_wconf 85' lang='lat' dir='ltr'><strong>quisque</strong></span> <span class='ocrx_word' id='word_1_97' title='bbox 796 1945 897 2016; x_wconf 81' lang='lat' dir='ltr'><strong>vident,</strong></span> <span class='ocrx_word' id='word_1_98' title='bbox 907 1955 974 2004; x_wconf 83' lang='lat' dir='ltr'><strong>aunt</strong></span> 
     </span>
    </p>

    <p class='ocr_par' dir='ltr' id='par_1_9' title="bbox 165 2031 972 2156">
     <span class='ocr_line' id='line_1_16' title="bbox 165 2031 972 2156; baseline 0.007 -18"><span class='ocrx_word' id='word_1_99' title='bbox 165 2031 396 2154; x_wconf 38' lang='lat' dir='ltr'><strong>Gratulssntirrqu&#39;a</strong></span> <span class='ocrx_word' id='word_1_100' title='bbox 417 2101 478 2139; x_wconf 87' lang='lat' dir='ltr'><strong>cam</strong></span> <span class='ocrx_word' id='word_1_101' title='bbox 499 2103 565 2142; x_wconf 89' lang='lat' dir='ltr'><strong>rem.</strong></span> <span class='ocrx_word' id='word_1_102' title='bbox 610 2088 654 2142; x_wconf 87' lang='lat' dir='ltr'><strong>Ita</strong></span> <span class='ocrx_word' id='word_1_103' title='bbox 671 2101 715 2142; x_wconf 86' lang='lat' dir='ltr'><strong>ma</strong></span> <span class='ocrx_word' id='word_1_104' title='bbox 736 2087 873 2156; x_wconf 85' lang='lat' dir='ltr'><strong>miserum,</strong></span> <span class='ocrx_word' id='word_1_105' title='bbox 894 2087 972 2144; x_wconf 85' lang='lat' dir='ltr'><strong>rasti·</strong></span> 
     </span>
    </p>

    <p class='ocr_par' dir='ltr' id='par_1_10' title="bbox 163 2155 694 2294">
     <span class='ocr_line' id='line_1_17' title="bbox 163 2155 694 2294; baseline 0.004 -14"><span class='ocrx_word' id='word_1_106' title='bbox 163 2155 383 2294; x_wconf 45' lang='lat' dir='ltr'><strong>Retinertrffilbgga</strong></span> <span class='ocrx_word' id='word_1_107' title='bbox 394 2225 496 2280; x_wconf 88' lang='lat' dir='ltr'><strong>lassum</strong></span> <span class='ocrx_word' id='word_1_108' title='bbox 509 2227 694 2283; x_wconf 81' lang='lat' dir='ltr'><strong>reddiderunt.</strong></span> 
     </span>
    </p>

    <p class='ocr_par' dir='ltr' id='par_1_11' title="bbox 163 2295 972 2369">
     <span class='ocr_line' id='line_1_18' title="bbox 163 2295 972 2369; baseline 0.007 -20"><span class='ocrx_word' id='word_1_109' title='bbox 163 2295 218 2350; x_wconf 89' lang='lat' dir='ltr'><strong>Vix</strong></span> <span class='ocrx_word' id='word_1_110' title='bbox 232 2313 267 2350; x_wconf 82' lang='lat' dir='ltr'><strong>ex</strong></span> <span class='ocrx_word' id='word_1_111' title='bbox 279 2295 443 2368; x_wconf 83' lang='lat' dir='ltr'><strong>gratulando</strong></span> <span class='ocrx_word' id='word_1_112' title='bbox 455 2298 538 2352; x_wconf 84' lang='lat' dir='ltr'><strong>miser</strong></span> <span class='ocrx_word' id='word_1_113' title='bbox 551 2300 607 2369; x_wconf 86' lang='lat' dir='ltr'><strong>jam</strong></span> <span class='ocrx_word' id='word_1_114' title='bbox 618 2298 777 2353; x_wconf 81' lang='lat' dir='ltr'><strong>eminebam.</strong></span> <span class='ocrx_word' id='word_1_115' title='bbox 954 2301 972 2355; x_wconf 88' lang='lat'><strong>5</strong></span> 
     </span>
    </p>

    <p class='ocr_par' dir='ltr' id='par_1_12' title="bbox 163 2365 972 2510">
     <span class='ocr_line' id='line_1_19' title="bbox 163 2365 972 2444; baseline 0.006 -24"><span class='ocrx_word' id='word_1_116' title='bbox 163 2365 288 2444; x_wconf 82' lang='lat' dir='ltr'><strong>Tandem</strong></span> <span class='ocrx_word' id='word_1_117' title='bbox 310 2367 364 2422; x_wconf 90' lang='lat' dir='ltr'><strong>abii</strong></span> <span class='ocrx_word' id='word_1_118' title='bbox 384 2368 419 2422; x_wconf 87' lang='lat' dir='ltr'><strong>ad</strong></span> <span class='ocrx_word' id='word_1_119' title='bbox 441 2376 600 2438; x_wconf 84' lang='lat' dir='ltr'><strong>praetorem:</strong></span> <span class='ocrx_word' id='word_1_120' title='bbox 626 2369 663 2422; x_wconf 93' lang='lat' dir='ltr'><strong>ibi</strong></span> <span class='ocrx_word' id='word_1_121' title='bbox 684 2369 729 2424; x_wconf 85' lang='lat' dir='ltr'><strong>vix</strong></span> <span class='ocrx_word' id='word_1_122' title='bbox 746 2367 884 2437; x_wconf 83' lang='lat' dir='ltr'><strong>requievi:</strong></span> <span class='ocrx_word' id='word_1_123' title='bbox 903 2387 972 2444; x_wconf 84' lang='lat' dir='ltr'><strong>rogo</strong></span> 
     </span>
     <span class='ocr_line' id='line_1_20' title="bbox 269 2439 469 2510; baseline 0 -18"><span class='ocrx_word' id='word_1_124' title='bbox 269 2439 469 2510; x_wconf 85' lang='lat' dir='ltr'><strong>syngraphum:</strong></span> 
     </span>
    </p>
   </div>
   <div class='ocr_carea' id='block_1_6' title="bbox 73 2506 912 2582">
    <p class='ocr_par' dir='ltr' id='par_1_13' title="bbox 73 2506 912 2582">
     <span class='ocr_line' id='line_1_21' title="bbox 73 2506 912 2582; baseline 0.006 -22"><span class='ocrx_word' id='word_1_125' title='bbox 73 2565 76 2574; x_wconf 47' lang='lat'>‚</span> <span class='ocrx_word' id='word_1_126' title='bbox 163 2506 251 2562; x_wconf 86' lang='lat' dir='ltr'><strong>Datur</strong></span> <span class='ocrx_word' id='word_1_127' title='bbox 263 2509 342 2564; x_wconf 90' lang='lat' dir='ltr'><strong>mihi:</strong></span> <span class='ocrx_word' id='word_1_128' title='bbox 361 2509 434 2564; x_wconf 89' lang='lat' dir='ltr'><strong>illico</strong></span> <span class='ocrx_word' id='word_1_129' title='bbox 446 2511 482 2565; x_wconf 90' lang='lat' dir='ltr'><strong>do</strong></span> <span class='ocrx_word' id='word_1_130' title='bbox 494 2509 640 2582; x_wconf 75' lang='lat' dir='ltr'><strong>Tyndaro:</strong></span> <span class='ocrx_word' id='word_1_131' title='bbox 658 2509 705 2565; x_wconf 85' lang='lat' dir='ltr'><strong>illa</strong></span> <span class='ocrx_word' id='word_1_132' title='bbox 718 2510 784 2565; x_wconf 89' lang='lat' dir='ltr'><strong>abiit</strong></span> <span class='ocrx_word' id='word_1_133' title='bbox 796 2508 912 2565; x_wconf 88' lang='lat' dir='ltr'><strong>domum.</strong></span> 
     </span>
    </p>
   </div>
   <div class='ocr_carea' id='block_1_7' title="bbox 161 2577 970 2848">
    <p class='ocr_par' dir='ltr' id='par_1_14' title="bbox 161 2577 970 2848">
     <span class='ocr_line' id='line_1_22' title="bbox 162 2577 563 2648; baseline 0.007 -16"><span class='ocrx_word' id='word_1_134' title='bbox 162 2577 308 2648; x_wconf 87' lang='lat' dir='ltr'><strong>Postquam</strong></span> <span class='ocrx_word' id='word_1_135' title='bbox 320 2579 348 2633; x_wconf 91' lang='lat' dir='ltr'><strong>id</strong></span> <span class='ocrx_word' id='word_1_136' title='bbox 363 2589 452 2634; x_wconf 88' lang='lat' dir='ltr'><strong>actum</strong></span> <span class='ocrx_word' id='word_1_137' title='bbox 465 2589 516 2648; x_wconf 76' lang='lat' dir='ltr'><strong>ast,</strong></span> <span class='ocrx_word' id='word_1_138' title='bbox 529 2599 563 2635; x_wconf 88' lang='lat' dir='ltr'><strong>eo</strong></span> 
     </span>
     <span class='ocr_line' id='line_1_23' title="bbox 161 2648 883 2724; baseline 0.006 -22"><span class='ocrx_word' id='word_1_139' title='bbox 161 2648 290 2703; x_wconf 86' lang='lat' dir='ltr'><strong>Protinus</strong></span> <span class='ocrx_word' id='word_1_140' title='bbox 303 2649 338 2703; x_wconf 88' lang='lat' dir='ltr'><strong>ad</strong></span> <span class='ocrx_word' id='word_1_141' title='bbox 351 2650 470 2719; x_wconf 82' lang='lat' dir='ltr'><strong>fratrum,</strong></span> <span class='ocrx_word' id='word_1_142' title='bbox 482 2653 536 2706; x_wconf 84' lang='lat' dir='ltr'><strong>mei</strong></span> <span class='ocrx_word' id='word_1_143' title='bbox 549 2651 595 2706; x_wconf 93' lang='lat' dir='ltr'><strong>ubi</strong></span> <span class='ocrx_word' id='word_1_144' title='bbox 607 2658 671 2706; x_wconf 91' lang='lat' dir='ltr'><strong>suut</strong></span> <span class='ocrx_word' id='word_1_145' title='bbox 682 2651 728 2707; x_wconf 82' lang='lat' dir='ltr'><strong>alii</strong></span> <span class='ocrx_word' id='word_1_146' title='bbox 740 2650 883 2724; x_wconf 83' lang='lat' dir='ltr'><strong>captsivai.</strong></span> 
     </span>
     <span class='ocr_line' id='line_1_24' title="bbox 163 2717 970 2848; baseline 0.004 -74"><span class='ocrx_word' id='word_1_147' title='bbox 163 2717 252 2792; x_wconf 84' lang='lat' dir='ltr'><strong>Rogo,</strong></span> <span class='ocrx_word' id='word_1_148' title='bbox 266 2719 458 2846; x_wconf 45' lang='lat' dir='ltr'><strong>aglissgmoem</strong></span> <span class='ocrx_word' id='word_1_149' title='bbox 485 2739 520 2776; x_wconf 89' lang='lat' dir='ltr'><strong>cx</strong></span> <span class='ocrx_word' id='word_1_150' title='bbox 547 2721 629 2777; x_wconf 89' lang='lat' dir='ltr'><strong>Alide</strong></span> <span class='ocrx_word' id='word_1_151' title='bbox 658 2723 750 2791; x_wconf 86' lang='lat' dir='ltr'><strong>ecquis</strong></span> <span class='ocrx_word' id='word_1_152' title='bbox 777 2724 897 2778; x_wconf 90' lang='lat' dir='ltr'><strong>omnium</strong></span> <span class='ocrx_word' id='word_1_153' title='bbox 923 2741 970 2848; x_wconf 52' lang='lat' dir='ltr'><strong>clod</strong></span> 
     </span>
    </p>
   </div>
   <div class='ocr_carea' id='block_1_8' title="bbox 163 2860 1050 2926">
    <p class='ocr_par' dir='ltr' id='par_1_15' title="bbox 163 2860 1050 2926">
     <span class='ocr_line' id='line_1_25' title="bbox 163 2860 1050 2926; baseline 0.005 -12"><span class='ocrx_word' id='word_1_154' title='bbox 163 2860 286 2914; x_wconf 78' lang='lat' dir='ltr'><strong>Tandem</strong></span> <span class='ocrx_word' id='word_1_155' title='bbox 300 2861 343 2914; x_wconf 93' lang='lat' dir='ltr'><strong>hic</strong></span> <span class='ocrx_word' id='word_1_156' title='bbox 357 2862 501 2926; x_wconf 81' lang='lat' dir='ltr'><strong>exclamat,</strong></span> <span class='ocrx_word' id='word_1_157' title='bbox 513 2879 575 2916; x_wconf 87' lang='lat' dir='ltr'><strong>eum</strong></span> <span class='ocrx_word' id='word_1_158' title='bbox 593 2863 645 2918; x_wconf 89' lang='lat' dir='ltr'><strong>sibi</strong></span> <span class='ocrx_word' id='word_1_159' title='bbox 657 2879 719 2916; x_wconf 85' lang='lat' dir='ltr'><strong>esse</strong></span> <span class='ocrx_word' id='word_1_160' title='bbox 733 2864 862 2919; x_wconf 78' lang='lat' dir='ltr'><strong>sodalem.</strong></span> <span class='ocrx_word' id='word_1_161' title='bbox 899 2864 968 2918; x_wconf 88' lang='lat' dir='ltr'><strong>Dico</strong></span> <span class='ocrx_word' id='word_1_162' title='bbox 1049 2877 1050 2880; x_wconf 73' lang='grc'>’</span> 
     </span>
    </p>
   </div>
   <div class='ocr_carea' id='block_1_9' title="bbox 164 2947 967 3126">
    <p class='ocr_par' dir='ltr' id='par_1_16' title="bbox 164 2947 967 3126">
     <span class='ocr_line' id='line_1_26' title="bbox 164 2947 967 3126; baseline 0.002 -70"><span class='ocrx_word' id='word_1_163' title='bbox 164 2947 536 3126; x_wconf 54' lang='lat' dir='ltr'><strong>Apudne1{s;hei{¹tnextempro</strong></span> <span class='ocrx_word' id='word_1_164' title='bbox 557 3005 616 3053; x_wconf 84' lang='lat' dir='ltr'><strong>orat</strong></span> <span class='ocrx_word' id='word_1_165' title='bbox 634 3001 822 3070; x_wconf 79' lang='lat' dir='ltr'><strong>obsecratque,</strong></span> <span class='ocrx_word' id='word_1_166' title='bbox 834 3019 898 3058; x_wconf 83' lang='lat' dir='ltr'><strong>eum</strong></span> <span class='ocrx_word' id='word_1_167' title='bbox 916 3005 967 3058; x_wconf 86' lang='lat' dir='ltr'><strong>sibi</strong></span> 
     </span>
     <span class='ocr_line' id='line_1_27' title="bbox 267 3085 381 3126; baseline -0.035 0"><span class='ocrx_word' id='word_1_168' title='bbox 267 3089 286 3126; x_wconf 91' lang='lat' dir='ltr'><strong>u</strong></span> <span class='ocrx_word' id='word_1_169' title='bbox 329 3085 381 3124; x_wconf 83' lang='lat' dir='ltr'><strong>cea</strong></span> 
     </span>
    </p>
   </div>
   <div class='ocr_carea' id='block_1_10' title="bbox 0 0 1080 3410">
    <p class='ocr_par' dir='ltr' id='par_1_17' title="bbox 0 0 1080 3410">
     <span class='ocr_line' id='line_1_28' title="bbox 0 0 1080 3410; baseline 0 2"><span class='ocrx_word' id='word_1_170' title='bbox 0 0 1080 3410; x_wconf 95' lang='lat' dir='ltr'><strong> </strong></span> 
     </span>
    </p>
   </div>
  </div>
 </body>
</html>
