2150 3410
161 134 197 192 aa
402 131 616 190 conserver.
634 135 683 190 1v.
701 133 727 190 a.
811 215 812 218 Ν

300 341 463 400 AG'I'US
490 343 555 400 1v.
598 343 764 400 SCENA
791 344 819 401 1.

473 483 652 542 Erasmus.

160 625 283 696 Juppiter
294 625 435 694 supreme!
454 643 547 680 servas
560 643 611 692 me,
625 643 753 694 measque
773 643 859 696 auges
872 643 951 697 opes.

161 699 304 752 Maxumas
317 697 470 766 opimitates
484 697 659 766 opiparasque
673 697 754 750 offers
766 697 831 752 mihi
842 717 849 764 ;

162 769 294 834 Laudem,
305 767 417 832 lucrum,
430 765 531 832 ludum,
539 767 639 837 jocum,
652 767 836 834 festivitatem,
849 768 943 836 serias,

162 839 298 908 Pompam,
310 855 417 907 penum,
430 839 590 906 potationes,
603 839 780 905 saturitatem,
793 837 941 910 gaudium

162 909 224 966 Nec
243 907 385 1034 ᾳυοῇἓμαη]
409 907 511 963 homini
535 908 685 978 supplicare
709 925 780 962 nunc
806 915 969 1034 certumesg

267 997 301 1033 mr
324 997 348 1032 r:
727 1017 730 1024 .

162 1051 234 1106 Nam
245 1050 288 1172 vd
301 1049 431 1118 prodesse
445 1047 531 1103 amico
550 1066 670 1118 possum,
681 1048 724 1104 vel
745 1048 885 1104 inimicum
905 1067 967 1120 per·
1053 1041 1054 1090 ἶ

286 1136 348 1173 ere:

162 1193 205 1248 Ita
216 1191 260 1244 hic
274 1206 316 1243 me
330 1189 484 1243 amoenitate
498 1206 602 1243 amoena
615 1207 734 1244 amoenus
747 1190 870 1244 oneravit
882 1189 951 1245 dies.

164 1263 229 1318 Sine
243 1260 327 1314 sacris
339 1260 526 1313 hereditatem
539 1278 597 1315 sum
611 1269 688 1329 aptus
702 1260 920 1314 effertissumam.

162 1333 243 1394 Nunc
257 1328 290 1383 ad
303 1347 402 1452 εςιξιιῐι1
417 1345 525 1383 cursum
546 1348 686 1399 capessam
707 1331 778 1384 hunc
798 1331 966 1402 Hegionem,

285 1417 329 1454 nor
360 1419 393 1454 on

162 1418 285 1530 Tantud
310 1418 404 1538 affero,l
427 1476 553 1539 quantum
575 1469 632 1539 ipse
657 1488 674 1524 a
697 1470 757 1525 Diis
777 1478 859 1540 optet,
885 1478 967 1542 atque
1053 1497 1054 1512 1

267 1541 347 1596 ctiam
361 1541 481 1612 amplius.
934 1543 968 1596 10
1053 1595 1054 1610 ,

164 1615 246 1672 Nunc
259 1629 303 1737 rles
314 1620 392 1744 {erte
403 1618 455 1678 est,
468 1611 564 1665 eodem
576 1618 655 1680 pacto
675 1617 707 1664 ut
726 1612 823 1667 comici
835 1613 907 1670 servi
925 1629 968 1666 so·
1053 1613 1054 1632 ¹

278 1700 312 1737 cn

164 1754 314 1826 conjiciam
326 1751 465 1875 ind'cduum
476 1749 595 1820 pallium,
607 1750 692 1818 primo
711 1769 747 1808 ex
766 1769 810 1810 me
824 1752 895 1810 nano
907 1769 967 1808 rem

269 1830 345 1877 utcu
365 1838 410 1874 ra.

164 1895 311 2017 Speroquz
316 1909 368 1958 me,
381 1891 413 1944 ob
426 1891 498 1945 hunc
517 1889 648 1956 nuntium,
666 1900 797 1949 eternum
809 1891 967 1964 adepturum

269 1982 295 2019 or
314 1979 365 2017 um.
903 1977 904 1984 ¹

300 2169 462 2230 ACTUS
488 2174 552 2229 1v.
598 2171 757 2230 sanA
784 2175 834 2234 11.

404 2315 512 2371 Hesio.
548 2313 723 2378 diceremus.

199 2459 270 2530 Heg.
287 2457 401 2520 Quanto
420 2456 449 2511 in
466 2463 576 2527 pectore
595 2457 665 2512 heno
677 2473 735 2512 rem
746 2473 809 2514 meo
819 2457 908 2528 magis
920 2473 964 2512 vo

267 2529 333 2611 iuro,

163 2601 255 2655 Tanto
266 2599 332 2656 mihi
344 2598 477 2670 egritudo
490 2598 594 2653 auctior
605 2606 648 2653 est
660 2599 689 2653 in
701 2599 797 2653 animo.

164 2671 208 2726 Ad
222 2669 296 2725 illum
308 2669 416 2722 modum
429 2668 555 2722 sublitum
568 2686 598 2723 os
611 2685 672 2724 esse

165 2740 255 2797 Hodie
267 2739 347 2794 mihi!
366 2755 454 2807 peque
467 2739 493 2793 id
506 2738 658 2808 perspicere
672 2739 757 2808 quivi!

166 2812 247 2878 Quod
260 2826 338 2880 quom
352 2809 471 2875 scibitur,
483 2826 531 2878 per
543 2810 637 2863 urbem
649 2809 789 2865 irridebor.
945 2810 962 2861 5

104 2897 106 2904 “
165 2877 400 2948 Quomextemplo
410 2876 443 2928 ed
452 2877 538 2929 sorum
548 2878 692 2944 advenero,
702 2895 795 2932 omnes
806 2877 963 2945 loquentur:

165 2959 181 2988 “
196 2953 249 3008 Hic
263 2950 308 3003 ille
321 2953 365 2999 est
376 2961 460 2997 senex
474 2945 578 3010 ductus,
590 2947 652 3012 quoi
664 2948 746 3000 verba
758 2947 822 2999 data
834 2945 921 3001 sunt!

165 3023 219 3078 Sed
231 3016 372 3092 Ergasilus
384 3019 462 3066 estne
476 3011 530 3078 hic,
541 3012 635 3078 procul
646 3029 726 3080 quem
736 3014 838 3068 video?
